%YAML 1.1
%TAG !u! tag:unity3d.com,2011:
--- !u!29 &1
OcclusionCullingSettings:
  m_ObjectHideFlags: 0
  serializedVersion: 2
  m_OcclusionBakeSettings:
    smallestOccluder: 5
    smallestHole: 0.25
    backfaceThreshold: 100
  m_SceneGUID: 00000000000000000000000000000000
  m_OcclusionCullingData: {fileID: 0}
--- !u!104 &2
RenderSettings:
  m_ObjectHideFlags: 0
  serializedVersion: 9
  m_Fog: 0
  m_FogColor: {r: 0.5, g: 0.5, b: 0.5, a: 1}
  m_FogMode: 3
  m_FogDensity: 0.01
  m_LinearFogStart: 0
  m_LinearFogEnd: 300
  m_AmbientSkyColor: {r: 0.212, g: 0.227, b: 0.259, a: 1}
  m_AmbientEquatorColor: {r: 0.114, g: 0.125, b: 0.133, a: 1}
  m_AmbientGroundColor: {r: 0.047, g: 0.043, b: 0.035, a: 1}
  m_AmbientIntensity: 1
  m_AmbientMode: 0
  m_SubtractiveShadowColor: {r: 0.42, g: 0.478, b: 0.627, a: 1}
  m_SkyboxMaterial: {fileID: 10304, guid: 0000000000000000f000000000000000, type: 0}
  m_HaloStrength: 0.5
  m_FlareStrength: 1
  m_FlareFadeSpeed: 3
  m_HaloTexture: {fileID: 0}
  m_SpotCookie: {fileID: 10001, guid: 0000000000000000e000000000000000, type: 0}
  m_DefaultReflectionMode: 0
  m_DefaultReflectionResolution: 128
  m_ReflectionBounces: 1
  m_ReflectionIntensity: 1
  m_CustomReflection: {fileID: 0}
  m_Sun: {fileID: 0}
  m_IndirectSpecularColor: {r: 0.45047045, g: 0.50047266, b: 0.57517034, a: 1}
  m_UseRadianceAmbientProbe: 0
--- !u!157 &3
LightmapSettings:
  m_ObjectHideFlags: 0
  serializedVersion: 12
  m_GIWorkflowMode: 1
  m_GISettings:
    serializedVersion: 2
    m_BounceScale: 1
    m_IndirectOutputScale: 1
    m_AlbedoBoost: 1
    m_EnvironmentLightingMode: 0
    m_EnableBakedLightmaps: 1
    m_EnableRealtimeLightmaps: 0
  m_LightmapEditorSettings:
    serializedVersion: 12
    m_Resolution: 2
    m_BakeResolution: 40
    m_AtlasSize: 1024
    m_AO: 0
    m_AOMaxDistance: 1
    m_CompAOExponent: 1
    m_CompAOExponentDirect: 0
    m_ExtractAmbientOcclusion: 0
    m_Padding: 2
    m_LightmapParameters: {fileID: 0}
    m_LightmapsBakeMode: 1
    m_TextureCompression: 1
    m_FinalGather: 0
    m_FinalGatherFiltering: 1
    m_FinalGatherRayCount: 256
    m_ReflectionCompression: 2
    m_MixedBakeMode: 2
    m_BakeBackend: 1
    m_PVRSampling: 1
    m_PVRDirectSampleCount: 32
    m_PVRSampleCount: 512
    m_PVRBounces: 2
    m_PVREnvironmentSampleCount: 256
    m_PVREnvironmentReferencePointCount: 2048
    m_PVRFilteringMode: 1
    m_PVRDenoiserTypeDirect: 1
    m_PVRDenoiserTypeIndirect: 1
    m_PVRDenoiserTypeAO: 1
    m_PVRFilterTypeDirect: 0
    m_PVRFilterTypeIndirect: 0
    m_PVRFilterTypeAO: 0
    m_PVREnvironmentMIS: 1
    m_PVRCulling: 1
    m_PVRFilteringGaussRadiusDirect: 1
    m_PVRFilteringGaussRadiusIndirect: 5
    m_PVRFilteringGaussRadiusAO: 2
    m_PVRFilteringAtrousPositionSigmaDirect: 0.5
    m_PVRFilteringAtrousPositionSigmaIndirect: 2
    m_PVRFilteringAtrousPositionSigmaAO: 1
    m_ExportTrainingData: 0
    m_TrainingDataDestination: TrainingData
    m_LightProbeSampleCountMultiplier: 4
  m_LightingDataAsset: {fileID: 0}
  m_LightingSettings: {fileID: 0}
--- !u!196 &4
NavMeshSettings:
  serializedVersion: 2
  m_ObjectHideFlags: 0
  m_BuildSettings:
    serializedVersion: 2
    agentTypeID: 0
    agentRadius: 0.5
    agentHeight: 2
    agentSlope: 45
    agentClimb: 0.4
    ledgeDropHeight: 0
    maxJumpAcrossDistance: 0
    minRegionArea: 2
    manualCellSize: 0
    cellSize: 0.16666667
    manualTileSize: 0
    tileSize: 256
    accuratePlacement: 0
    maxJobWorkers: 0
    preserveTilesOutsideBounds: 0
    debug:
      m_Flags: 0
  m_NavMeshData: {fileID: 0}
--- !u!4 &26043754 stripped
Transform:
  m_CorrespondingSourceObject: {fileID: 1232642526394195319, guid: be47ac35f899a42c2b88ba88da941498, type: 3}
  m_PrefabInstance: {fileID: 1884938160}
  m_PrefabAsset: {fileID: 0}
--- !u!1 &30174437
GameObject:
  m_ObjectHideFlags: 0
  m_CorrespondingSourceObject: {fileID: 0}
  m_PrefabInstance: {fileID: 0}
  m_PrefabAsset: {fileID: 0}
  serializedVersion: 6
  m_Component:
  - component: {fileID: 30174438}
  - component: {fileID: 30174441}
  - component: {fileID: 30174440}
  - component: {fileID: 30174439}
  m_Layer: 0
  m_Name: Cube
  m_TagString: Untagged
  m_Icon: {fileID: 0}
  m_NavMeshLayer: 0
  m_StaticEditorFlags: 0
  m_IsActive: 1
--- !u!4 &30174438
Transform:
  m_ObjectHideFlags: 0
  m_CorrespondingSourceObject: {fileID: 0}
  m_PrefabInstance: {fileID: 0}
  m_PrefabAsset: {fileID: 0}
  m_GameObject: {fileID: 30174437}
  m_LocalRotation: {x: 0, y: 0, z: 0, w: 1}
  m_LocalPosition: {x: -10, y: -2, z: 0}
  m_LocalScale: {x: 20, y: 3, z: 1}
  m_Children: []
  m_Father: {fileID: 742986482}
  m_RootOrder: 0
  m_LocalEulerAnglesHint: {x: 0, y: 0, z: 0}
--- !u!65 &30174439
BoxCollider:
  m_ObjectHideFlags: 0
  m_CorrespondingSourceObject: {fileID: 0}
  m_PrefabInstance: {fileID: 0}
  m_PrefabAsset: {fileID: 0}
  m_GameObject: {fileID: 30174437}
  m_Material: {fileID: 13400000, guid: dd18dc4ac24554a0badca3bef5a8c155, type: 2}
  m_IsTrigger: 0
  m_Enabled: 1
  serializedVersion: 2
  m_Size: {x: 1, y: 1, z: 1}
  m_Center: {x: 0, y: 0, z: 0}
--- !u!23 &30174440
MeshRenderer:
  m_ObjectHideFlags: 0
  m_CorrespondingSourceObject: {fileID: 0}
  m_PrefabInstance: {fileID: 0}
  m_PrefabAsset: {fileID: 0}
  m_GameObject: {fileID: 30174437}
  m_Enabled: 1
  m_CastShadows: 1
  m_ReceiveShadows: 1
  m_DynamicOccludee: 1
  m_MotionVectors: 1
  m_LightProbeUsage: 1
  m_ReflectionProbeUsage: 1
  m_RayTracingMode: 2
  m_RayTraceProcedural: 0
  m_RenderingLayerMask: 1
  m_RendererPriority: 0
  m_Materials:
  - {fileID: 2100000, guid: 5c13ff935b260447a861acd7df56ba6c, type: 2}
  m_StaticBatchInfo:
    firstSubMesh: 0
    subMeshCount: 0
  m_StaticBatchRoot: {fileID: 0}
  m_ProbeAnchor: {fileID: 0}
  m_LightProbeVolumeOverride: {fileID: 0}
  m_ScaleInLightmap: 1
  m_ReceiveGI: 1
  m_PreserveUVs: 0
  m_IgnoreNormalsForChartDetection: 0
  m_ImportantGI: 0
  m_StitchLightmapSeams: 1
  m_SelectedEditorRenderState: 3
  m_MinimumChartSize: 4
  m_AutoUVMaxDistance: 0.5
  m_AutoUVMaxAngle: 89
  m_LightmapParameters: {fileID: 0}
  m_SortingLayerID: 0
  m_SortingLayer: 0
  m_SortingOrder: 0
  m_AdditionalVertexStreams: {fileID: 0}
--- !u!33 &30174441
MeshFilter:
  m_ObjectHideFlags: 0
  m_CorrespondingSourceObject: {fileID: 0}
  m_PrefabInstance: {fileID: 0}
  m_PrefabAsset: {fileID: 0}
  m_GameObject: {fileID: 30174437}
  m_Mesh: {fileID: 10202, guid: 0000000000000000e000000000000000, type: 0}
--- !u!1001 &302338690
PrefabInstance:
  m_ObjectHideFlags: 0
  serializedVersion: 2
  m_Modification:
    m_TransformParent: {fileID: 0}
    m_Modifications:
    - target: {fileID: 775162019246811957, guid: dbffc2523aad36643813fd396ace02ba, type: 3}
      propertyPath: m_Name
      value: Coin (5)
      objectReference: {fileID: 0}
    - target: {fileID: 3076242666935824454, guid: dbffc2523aad36643813fd396ace02ba, type: 3}
      propertyPath: m_IsTrigger
      value: 1
      objectReference: {fileID: 0}
    - target: {fileID: 7827048584077212781, guid: dbffc2523aad36643813fd396ace02ba, type: 3}
      propertyPath: m_RootOrder
      value: 10
      objectReference: {fileID: 0}
    - target: {fileID: 7827048584077212781, guid: dbffc2523aad36643813fd396ace02ba, type: 3}
      propertyPath: m_LocalPosition.x
      value: -0.72
      objectReference: {fileID: 0}
    - target: {fileID: 7827048584077212781, guid: dbffc2523aad36643813fd396ace02ba, type: 3}
      propertyPath: m_LocalPosition.y
      value: 1.4301591
      objectReference: {fileID: 0}
    - target: {fileID: 7827048584077212781, guid: dbffc2523aad36643813fd396ace02ba, type: 3}
      propertyPath: m_LocalPosition.z
      value: 0
      objectReference: {fileID: 0}
    - target: {fileID: 7827048584077212781, guid: dbffc2523aad36643813fd396ace02ba, type: 3}
      propertyPath: m_LocalRotation.w
      value: 1
      objectReference: {fileID: 0}
    - target: {fileID: 7827048584077212781, guid: dbffc2523aad36643813fd396ace02ba, type: 3}
      propertyPath: m_LocalRotation.x
      value: 0
      objectReference: {fileID: 0}
    - target: {fileID: 7827048584077212781, guid: dbffc2523aad36643813fd396ace02ba, type: 3}
      propertyPath: m_LocalRotation.y
      value: 0
      objectReference: {fileID: 0}
    - target: {fileID: 7827048584077212781, guid: dbffc2523aad36643813fd396ace02ba, type: 3}
      propertyPath: m_LocalRotation.z
      value: 0
      objectReference: {fileID: 0}
    - target: {fileID: 7827048584077212781, guid: dbffc2523aad36643813fd396ace02ba, type: 3}
      propertyPath: m_LocalEulerAnglesHint.x
      value: 0
      objectReference: {fileID: 0}
    - target: {fileID: 7827048584077212781, guid: dbffc2523aad36643813fd396ace02ba, type: 3}
      propertyPath: m_LocalEulerAnglesHint.y
      value: 0
      objectReference: {fileID: 0}
    - target: {fileID: 7827048584077212781, guid: dbffc2523aad36643813fd396ace02ba, type: 3}
      propertyPath: m_LocalEulerAnglesHint.z
      value: 0
      objectReference: {fileID: 0}
    m_RemovedComponents: []
  m_SourcePrefab: {fileID: 100100000, guid: dbffc2523aad36643813fd396ace02ba, type: 3}
--- !u!1 &314204428
GameObject:
  m_ObjectHideFlags: 0
  m_CorrespondingSourceObject: {fileID: 0}
  m_PrefabInstance: {fileID: 0}
  m_PrefabAsset: {fileID: 0}
  serializedVersion: 6
  m_Component:
  - component: {fileID: 314204429}
  - component: {fileID: 314204432}
  - component: {fileID: 314204431}
  - component: {fileID: 314204430}
  m_Layer: 0
  m_Name: Cube (2)
  m_TagString: Untagged
  m_Icon: {fileID: 0}
  m_NavMeshLayer: 0
  m_StaticEditorFlags: 0
  m_IsActive: 1
--- !u!4 &314204429
Transform:
  m_ObjectHideFlags: 0
  m_CorrespondingSourceObject: {fileID: 0}
  m_PrefabInstance: {fileID: 0}
  m_PrefabAsset: {fileID: 0}
  m_GameObject: {fileID: 314204428}
  m_LocalRotation: {x: 0, y: 0, z: 0, w: 1}
  m_LocalPosition: {x: 76.961, y: -2, z: 0}
  m_LocalScale: {x: 92.96424, y: 3, z: 1}
  m_Children: []
  m_Father: {fileID: 742986482}
  m_RootOrder: 2
  m_LocalEulerAnglesHint: {x: 0, y: 0, z: 0}
--- !u!65 &314204430
BoxCollider:
  m_ObjectHideFlags: 0
  m_CorrespondingSourceObject: {fileID: 0}
  m_PrefabInstance: {fileID: 0}
  m_PrefabAsset: {fileID: 0}
  m_GameObject: {fileID: 314204428}
  m_Material: {fileID: 13400000, guid: dd18dc4ac24554a0badca3bef5a8c155, type: 2}
  m_IsTrigger: 0
  m_Enabled: 1
  serializedVersion: 2
  m_Size: {x: 1, y: 1, z: 1}
  m_Center: {x: 0, y: 0, z: 0}
--- !u!23 &314204431
MeshRenderer:
  m_ObjectHideFlags: 0
  m_CorrespondingSourceObject: {fileID: 0}
  m_PrefabInstance: {fileID: 0}
  m_PrefabAsset: {fileID: 0}
  m_GameObject: {fileID: 314204428}
  m_Enabled: 1
  m_CastShadows: 1
  m_ReceiveShadows: 1
  m_DynamicOccludee: 1
  m_MotionVectors: 1
  m_LightProbeUsage: 1
  m_ReflectionProbeUsage: 1
  m_RayTracingMode: 2
  m_RayTraceProcedural: 0
  m_RenderingLayerMask: 1
  m_RendererPriority: 0
  m_Materials:
  - {fileID: 2100000, guid: 5c13ff935b260447a861acd7df56ba6c, type: 2}
  m_StaticBatchInfo:
    firstSubMesh: 0
    subMeshCount: 0
  m_StaticBatchRoot: {fileID: 0}
  m_ProbeAnchor: {fileID: 0}
  m_LightProbeVolumeOverride: {fileID: 0}
  m_ScaleInLightmap: 1
  m_ReceiveGI: 1
  m_PreserveUVs: 0
  m_IgnoreNormalsForChartDetection: 0
  m_ImportantGI: 0
  m_StitchLightmapSeams: 1
  m_SelectedEditorRenderState: 3
  m_MinimumChartSize: 4
  m_AutoUVMaxDistance: 0.5
  m_AutoUVMaxAngle: 89
  m_LightmapParameters: {fileID: 0}
  m_SortingLayerID: 0
  m_SortingLayer: 0
  m_SortingOrder: 0
  m_AdditionalVertexStreams: {fileID: 0}
--- !u!33 &314204432
MeshFilter:
  m_ObjectHideFlags: 0
  m_CorrespondingSourceObject: {fileID: 0}
  m_PrefabInstance: {fileID: 0}
  m_PrefabAsset: {fileID: 0}
  m_GameObject: {fileID: 314204428}
  m_Mesh: {fileID: 10202, guid: 0000000000000000e000000000000000, type: 0}
--- !u!1 &316905454 stripped
GameObject:
  m_CorrespondingSourceObject: {fileID: 775162019246811957, guid: dbffc2523aad36643813fd396ace02ba, type: 3}
  m_PrefabInstance: {fileID: 1209596239}
  m_PrefabAsset: {fileID: 0}
--- !u!4 &316905458 stripped
Transform:
  m_CorrespondingSourceObject: {fileID: 7827048584077212781, guid: dbffc2523aad36643813fd396ace02ba, type: 3}
  m_PrefabInstance: {fileID: 1209596239}
  m_PrefabAsset: {fileID: 0}
--- !u!114 &316905459
MonoBehaviour:
  m_ObjectHideFlags: 0
  m_CorrespondingSourceObject: {fileID: 0}
  m_PrefabInstance: {fileID: 0}
  m_PrefabAsset: {fileID: 0}
  m_GameObject: {fileID: 316905454}
  m_Enabled: 1
  m_EditorHideFlags: 0
  m_Script: {fileID: 11500000, guid: 8813951e1ddb35a48a94244fe0ea93cc, type: 3}
  m_Name: 
  m_EditorClassIdentifier: 
--- !u!1001 &418920274
PrefabInstance:
  m_ObjectHideFlags: 0
  serializedVersion: 2
  m_Modification:
    m_TransformParent: {fileID: 0}
    m_Modifications:
    - target: {fileID: 3889076533995712753, guid: 8e8b722cbdccc471ea56ddf74f3ed7de, type: 3}
      propertyPath: m_RootOrder
      value: 3
      objectReference: {fileID: 0}
    - target: {fileID: 3889076533995712753, guid: 8e8b722cbdccc471ea56ddf74f3ed7de, type: 3}
      propertyPath: m_LocalPosition.x
      value: 0
      objectReference: {fileID: 0}
    - target: {fileID: 3889076533995712753, guid: 8e8b722cbdccc471ea56ddf74f3ed7de, type: 3}
      propertyPath: m_LocalPosition.y
      value: 3
      objectReference: {fileID: 0}
    - target: {fileID: 3889076533995712753, guid: 8e8b722cbdccc471ea56ddf74f3ed7de, type: 3}
      propertyPath: m_LocalPosition.z
      value: 0
      objectReference: {fileID: 0}
    - target: {fileID: 3889076533995712753, guid: 8e8b722cbdccc471ea56ddf74f3ed7de, type: 3}
      propertyPath: m_LocalRotation.w
      value: 0.78665394
      objectReference: {fileID: 0}
    - target: {fileID: 3889076533995712753, guid: 8e8b722cbdccc471ea56ddf74f3ed7de, type: 3}
      propertyPath: m_LocalRotation.x
      value: 0.26168486
      objectReference: {fileID: 0}
    - target: {fileID: 3889076533995712753, guid: 8e8b722cbdccc471ea56ddf74f3ed7de, type: 3}
      propertyPath: m_LocalRotation.y
      value: 0.5306048
      objectReference: {fileID: 0}
    - target: {fileID: 3889076533995712753, guid: 8e8b722cbdccc471ea56ddf74f3ed7de, type: 3}
      propertyPath: m_LocalRotation.z
      value: -0.17650867
      objectReference: {fileID: 0}
    - target: {fileID: 3889076533995712753, guid: 8e8b722cbdccc471ea56ddf74f3ed7de, type: 3}
      propertyPath: m_LocalEulerAnglesHint.x
      value: 36.8
      objectReference: {fileID: 0}
    - target: {fileID: 3889076533995712753, guid: 8e8b722cbdccc471ea56ddf74f3ed7de, type: 3}
      propertyPath: m_LocalEulerAnglesHint.y
      value: 68
      objectReference: {fileID: 0}
    - target: {fileID: 3889076533995712753, guid: 8e8b722cbdccc471ea56ddf74f3ed7de, type: 3}
      propertyPath: m_LocalEulerAnglesHint.z
      value: 0
      objectReference: {fileID: 0}
    - target: {fileID: 3889076533995712755, guid: 8e8b722cbdccc471ea56ddf74f3ed7de, type: 3}
      propertyPath: m_Name
      value: Light
      objectReference: {fileID: 0}
    m_RemovedComponents: []
  m_SourcePrefab: {fileID: 100100000, guid: 8e8b722cbdccc471ea56ddf74f3ed7de, type: 3}
--- !u!1 &503321134
GameObject:
  m_ObjectHideFlags: 0
  m_CorrespondingSourceObject: {fileID: 0}
  m_PrefabInstance: {fileID: 0}
  m_PrefabAsset: {fileID: 0}
  serializedVersion: 6
  m_Component:
  - component: {fileID: 503321135}
  - component: {fileID: 503321138}
  - component: {fileID: 503321137}
  - component: {fileID: 503321136}
  m_Layer: 0
  m_Name: Counter
  m_TagString: Untagged
  m_Icon: {fileID: 0}
  m_NavMeshLayer: 0
  m_StaticEditorFlags: 0
  m_IsActive: 1
--- !u!224 &503321135
RectTransform:
  m_ObjectHideFlags: 0
  m_CorrespondingSourceObject: {fileID: 0}
  m_PrefabInstance: {fileID: 0}
  m_PrefabAsset: {fileID: 0}
  m_GameObject: {fileID: 503321134}
  m_LocalRotation: {x: 0, y: 0, z: 0, w: 1}
  m_LocalPosition: {x: 0, y: 0, z: 0}
  m_LocalScale: {x: 1, y: 1, z: 1}
  m_Children: []
  m_Father: {fileID: 1736597534}
  m_RootOrder: 5
  m_LocalEulerAnglesHint: {x: 0, y: 0, z: 0}
  m_AnchorMin: {x: 0, y: 1}
  m_AnchorMax: {x: 0, y: 1}
  m_AnchoredPosition: {x: 227, y: -103.91}
  m_SizeDelta: {x: 421.3157, y: 187.8296}
  m_Pivot: {x: 0.5, y: 0.5}
--- !u!114 &503321136
MonoBehaviour:
  m_ObjectHideFlags: 0
  m_CorrespondingSourceObject: {fileID: 0}
  m_PrefabInstance: {fileID: 0}
  m_PrefabAsset: {fileID: 0}
  m_GameObject: {fileID: 503321134}
  m_Enabled: 1
  m_EditorHideFlags: 0
  m_Script: {fileID: 11500000, guid: eda16b226d171b7449ff14ab7d0c38e8, type: 3}
  m_Name: 
  m_EditorClassIdentifier: 
--- !u!114 &503321137
MonoBehaviour:
  m_ObjectHideFlags: 0
  m_CorrespondingSourceObject: {fileID: 0}
  m_PrefabInstance: {fileID: 0}
  m_PrefabAsset: {fileID: 0}
  m_GameObject: {fileID: 503321134}
  m_Enabled: 1
  m_EditorHideFlags: 0
  m_Script: {fileID: 11500000, guid: 5f7201a12d95ffc409449d95f23cf332, type: 3}
  m_Name: 
  m_EditorClassIdentifier: 
  m_Material: {fileID: 0}
  m_Color: {r: 0.7924528, g: 0.703969, b: 0.26539695, a: 1}
  m_RaycastTarget: 1
  m_RaycastPadding: {x: 0, y: 0, z: 0, w: 0}
  m_Maskable: 1
  m_OnCullStateChanged:
    m_PersistentCalls:
      m_Calls: []
  m_FontData:
    m_Font: {fileID: 10102, guid: 0000000000000000e000000000000000, type: 0}
    m_FontSize: 40
    m_FontStyle: 0
    m_BestFit: 0
    m_MinSize: 2
    m_MaxSize: 72
    m_Alignment: 0
    m_AlignByGeometry: 0
    m_RichText: 1
    m_HorizontalOverflow: 0
    m_VerticalOverflow: 0
    m_LineSpacing: 1
  m_Text: 000
--- !u!222 &503321138
CanvasRenderer:
  m_ObjectHideFlags: 0
  m_CorrespondingSourceObject: {fileID: 0}
  m_PrefabInstance: {fileID: 0}
  m_PrefabAsset: {fileID: 0}
  m_GameObject: {fileID: 503321134}
  m_CullTransparentMesh: 1
--- !u!1 &742986481
GameObject:
  m_ObjectHideFlags: 0
  m_CorrespondingSourceObject: {fileID: 0}
  m_PrefabInstance: {fileID: 0}
  m_PrefabAsset: {fileID: 0}
  serializedVersion: 6
  m_Component:
  - component: {fileID: 742986482}
  m_Layer: 0
  m_Name: UpperLayer
  m_TagString: Untagged
  m_Icon: {fileID: 0}
  m_NavMeshLayer: 0
  m_StaticEditorFlags: 0
  m_IsActive: 1
--- !u!4 &742986482
Transform:
  m_ObjectHideFlags: 0
  m_CorrespondingSourceObject: {fileID: 0}
  m_PrefabInstance: {fileID: 0}
  m_PrefabAsset: {fileID: 0}
  m_GameObject: {fileID: 742986481}
  m_LocalRotation: {x: -0, y: -0, z: -0, w: 1}
  m_LocalPosition: {x: 0, y: 0.5, z: 0}
  m_LocalScale: {x: 1, y: 1, z: 2}
  m_Children:
  - {fileID: 30174438}
  - {fileID: 834145739}
  - {fileID: 314204429}
  - {fileID: 1738839752}
  - {fileID: 1290445062}
  - {fileID: 951262086}
  - {fileID: 1799319804}
  m_Father: {fileID: 1963787968}
  m_RootOrder: 0
  m_LocalEulerAnglesHint: {x: 0, y: 0, z: 0}
--- !u!1001 &765520821
PrefabInstance:
  m_ObjectHideFlags: 0
  serializedVersion: 2
  m_Modification:
    m_TransformParent: {fileID: 0}
    m_Modifications:
    - target: {fileID: 775162019246811957, guid: dbffc2523aad36643813fd396ace02ba, type: 3}
      propertyPath: m_Name
      value: Coin (4)
      objectReference: {fileID: 0}
    - target: {fileID: 3076242666935824454, guid: dbffc2523aad36643813fd396ace02ba, type: 3}
      propertyPath: m_IsTrigger
      value: 1
      objectReference: {fileID: 0}
    - target: {fileID: 7827048584077212781, guid: dbffc2523aad36643813fd396ace02ba, type: 3}
      propertyPath: m_RootOrder
      value: 9
      objectReference: {fileID: 0}
    - target: {fileID: 7827048584077212781, guid: dbffc2523aad36643813fd396ace02ba, type: 3}
      propertyPath: m_LocalPosition.x
      value: 21.56
      objectReference: {fileID: 0}
    - target: {fileID: 7827048584077212781, guid: dbffc2523aad36643813fd396ace02ba, type: 3}
      propertyPath: m_LocalPosition.y
      value: 7.69
      objectReference: {fileID: 0}
    - target: {fileID: 7827048584077212781, guid: dbffc2523aad36643813fd396ace02ba, type: 3}
      propertyPath: m_LocalPosition.z
      value: 0
      objectReference: {fileID: 0}
    - target: {fileID: 7827048584077212781, guid: dbffc2523aad36643813fd396ace02ba, type: 3}
      propertyPath: m_LocalRotation.w
      value: 1
      objectReference: {fileID: 0}
    - target: {fileID: 7827048584077212781, guid: dbffc2523aad36643813fd396ace02ba, type: 3}
      propertyPath: m_LocalRotation.x
      value: 0
      objectReference: {fileID: 0}
    - target: {fileID: 7827048584077212781, guid: dbffc2523aad36643813fd396ace02ba, type: 3}
      propertyPath: m_LocalRotation.y
      value: 0
      objectReference: {fileID: 0}
    - target: {fileID: 7827048584077212781, guid: dbffc2523aad36643813fd396ace02ba, type: 3}
      propertyPath: m_LocalRotation.z
      value: 0
      objectReference: {fileID: 0}
    - target: {fileID: 7827048584077212781, guid: dbffc2523aad36643813fd396ace02ba, type: 3}
      propertyPath: m_LocalEulerAnglesHint.x
      value: 0
      objectReference: {fileID: 0}
    - target: {fileID: 7827048584077212781, guid: dbffc2523aad36643813fd396ace02ba, type: 3}
      propertyPath: m_LocalEulerAnglesHint.y
      value: 0
      objectReference: {fileID: 0}
    - target: {fileID: 7827048584077212781, guid: dbffc2523aad36643813fd396ace02ba, type: 3}
      propertyPath: m_LocalEulerAnglesHint.z
      value: 0
      objectReference: {fileID: 0}
    m_RemovedComponents: []
  m_SourcePrefab: {fileID: 100100000, guid: dbffc2523aad36643813fd396ace02ba, type: 3}
--- !u!1001 &808777001
PrefabInstance:
  m_ObjectHideFlags: 0
  serializedVersion: 2
  m_Modification:
    m_TransformParent: {fileID: 1072210415}
    m_Modifications:
    - target: {fileID: 747049159031288287, guid: 29bbcad1aec454191b36de1f52bd2a67, type: 3}
      propertyPath: m_RootOrder
      value: 0
      objectReference: {fileID: 0}
    - target: {fileID: 747049159031288287, guid: 29bbcad1aec454191b36de1f52bd2a67, type: 3}
      propertyPath: m_LocalPosition.x
      value: 44.63
      objectReference: {fileID: 0}
    - target: {fileID: 747049159031288287, guid: 29bbcad1aec454191b36de1f52bd2a67, type: 3}
      propertyPath: m_LocalPosition.y
      value: 0
      objectReference: {fileID: 0}
    - target: {fileID: 747049159031288287, guid: 29bbcad1aec454191b36de1f52bd2a67, type: 3}
      propertyPath: m_LocalPosition.z
      value: 0
      objectReference: {fileID: 0}
    - target: {fileID: 747049159031288287, guid: 29bbcad1aec454191b36de1f52bd2a67, type: 3}
      propertyPath: m_LocalRotation.w
      value: 1
      objectReference: {fileID: 0}
    - target: {fileID: 747049159031288287, guid: 29bbcad1aec454191b36de1f52bd2a67, type: 3}
      propertyPath: m_LocalRotation.x
      value: 0
      objectReference: {fileID: 0}
    - target: {fileID: 747049159031288287, guid: 29bbcad1aec454191b36de1f52bd2a67, type: 3}
      propertyPath: m_LocalRotation.y
      value: 0
      objectReference: {fileID: 0}
    - target: {fileID: 747049159031288287, guid: 29bbcad1aec454191b36de1f52bd2a67, type: 3}
      propertyPath: m_LocalRotation.z
      value: 0
      objectReference: {fileID: 0}
    - target: {fileID: 747049159031288287, guid: 29bbcad1aec454191b36de1f52bd2a67, type: 3}
      propertyPath: m_LocalEulerAnglesHint.x
      value: 0
      objectReference: {fileID: 0}
    - target: {fileID: 747049159031288287, guid: 29bbcad1aec454191b36de1f52bd2a67, type: 3}
      propertyPath: m_LocalEulerAnglesHint.y
      value: 0
      objectReference: {fileID: 0}
    - target: {fileID: 747049159031288287, guid: 29bbcad1aec454191b36de1f52bd2a67, type: 3}
      propertyPath: m_LocalEulerAnglesHint.z
      value: 0
      objectReference: {fileID: 0}
    - target: {fileID: 2265413072658640561, guid: 29bbcad1aec454191b36de1f52bd2a67, type: 3}
      propertyPath: m_Name
      value: GoalGate
      objectReference: {fileID: 0}
    m_RemovedComponents: []
  m_SourcePrefab: {fileID: 100100000, guid: 29bbcad1aec454191b36de1f52bd2a67, type: 3}
--- !u!1 &834145738
GameObject:
  m_ObjectHideFlags: 0
  m_CorrespondingSourceObject: {fileID: 0}
  m_PrefabInstance: {fileID: 0}
  m_PrefabAsset: {fileID: 0}
  serializedVersion: 6
  m_Component:
  - component: {fileID: 834145739}
  - component: {fileID: 834145742}
  - component: {fileID: 834145741}
  - component: {fileID: 834145740}
  m_Layer: 0
  m_Name: Cube (1)
  m_TagString: Untagged
  m_Icon: {fileID: 0}
  m_NavMeshLayer: 0
  m_StaticEditorFlags: 0
  m_IsActive: 1
--- !u!4 &834145739
Transform:
  m_ObjectHideFlags: 0
  m_CorrespondingSourceObject: {fileID: 0}
  m_PrefabInstance: {fileID: 0}
  m_PrefabAsset: {fileID: 0}
  m_GameObject: {fileID: 834145738}
  m_LocalRotation: {x: 0, y: 0, z: 0, w: 1}
  m_LocalPosition: {x: 16.4306, y: 3.99, z: 0}
  m_LocalScale: {x: 16.219616, y: 3, z: 1}
  m_Children: []
  m_Father: {fileID: 742986482}
  m_RootOrder: 1
  m_LocalEulerAnglesHint: {x: 0, y: 0, z: 0}
--- !u!65 &834145740
BoxCollider:
  m_ObjectHideFlags: 0
  m_CorrespondingSourceObject: {fileID: 0}
  m_PrefabInstance: {fileID: 0}
  m_PrefabAsset: {fileID: 0}
  m_GameObject: {fileID: 834145738}
  m_Material: {fileID: 13400000, guid: dd18dc4ac24554a0badca3bef5a8c155, type: 2}
  m_IsTrigger: 0
  m_Enabled: 1
  serializedVersion: 2
  m_Size: {x: 1, y: 1, z: 1}
  m_Center: {x: 0, y: 0, z: 0}
--- !u!23 &834145741
MeshRenderer:
  m_ObjectHideFlags: 0
  m_CorrespondingSourceObject: {fileID: 0}
  m_PrefabInstance: {fileID: 0}
  m_PrefabAsset: {fileID: 0}
  m_GameObject: {fileID: 834145738}
  m_Enabled: 1
  m_CastShadows: 1
  m_ReceiveShadows: 1
  m_DynamicOccludee: 1
  m_MotionVectors: 1
  m_LightProbeUsage: 1
  m_ReflectionProbeUsage: 1
  m_RayTracingMode: 2
  m_RayTraceProcedural: 0
  m_RenderingLayerMask: 1
  m_RendererPriority: 0
  m_Materials:
  - {fileID: 2100000, guid: 5c13ff935b260447a861acd7df56ba6c, type: 2}
  m_StaticBatchInfo:
    firstSubMesh: 0
    subMeshCount: 0
  m_StaticBatchRoot: {fileID: 0}
  m_ProbeAnchor: {fileID: 0}
  m_LightProbeVolumeOverride: {fileID: 0}
  m_ScaleInLightmap: 1
  m_ReceiveGI: 1
  m_PreserveUVs: 0
  m_IgnoreNormalsForChartDetection: 0
  m_ImportantGI: 0
  m_StitchLightmapSeams: 1
  m_SelectedEditorRenderState: 3
  m_MinimumChartSize: 4
  m_AutoUVMaxDistance: 0.5
  m_AutoUVMaxAngle: 89
  m_LightmapParameters: {fileID: 0}
  m_SortingLayerID: 0
  m_SortingLayer: 0
  m_SortingOrder: 0
  m_AdditionalVertexStreams: {fileID: 0}
--- !u!33 &834145742
MeshFilter:
  m_ObjectHideFlags: 0
  m_CorrespondingSourceObject: {fileID: 0}
  m_PrefabInstance: {fileID: 0}
  m_PrefabAsset: {fileID: 0}
  m_GameObject: {fileID: 834145738}
  m_Mesh: {fileID: 10202, guid: 0000000000000000e000000000000000, type: 0}
--- !u!1001 &948693874
PrefabInstance:
  m_ObjectHideFlags: 0
  serializedVersion: 2
  m_Modification:
    m_TransformParent: {fileID: 742986482}
    m_Modifications:
    - target: {fileID: 870559159872904601, guid: 6b3b42e6294315c49b99466123f1019e, type: 3}
      propertyPath: m_Name
      value: SpringTrap (1)
      objectReference: {fileID: 0}
    - target: {fileID: 4305940346917523529, guid: 6b3b42e6294315c49b99466123f1019e, type: 3}
      propertyPath: m_RootOrder
      value: 6
      objectReference: {fileID: 0}
    - target: {fileID: 4305940346917523529, guid: 6b3b42e6294315c49b99466123f1019e, type: 3}
      propertyPath: m_LocalScale.z
      value: 0.5
      objectReference: {fileID: 0}
    - target: {fileID: 4305940346917523529, guid: 6b3b42e6294315c49b99466123f1019e, type: 3}
      propertyPath: m_LocalPosition.x
      value: 31.42
      objectReference: {fileID: 0}
    - target: {fileID: 4305940346917523529, guid: 6b3b42e6294315c49b99466123f1019e, type: 3}
      propertyPath: m_LocalPosition.y
      value: -0.94
      objectReference: {fileID: 0}
    - target: {fileID: 4305940346917523529, guid: 6b3b42e6294315c49b99466123f1019e, type: 3}
      propertyPath: m_LocalPosition.z
      value: 0
      objectReference: {fileID: 0}
    - target: {fileID: 4305940346917523529, guid: 6b3b42e6294315c49b99466123f1019e, type: 3}
      propertyPath: m_LocalRotation.w
      value: 1
      objectReference: {fileID: 0}
    - target: {fileID: 4305940346917523529, guid: 6b3b42e6294315c49b99466123f1019e, type: 3}
      propertyPath: m_LocalRotation.x
      value: -0
      objectReference: {fileID: 0}
    - target: {fileID: 4305940346917523529, guid: 6b3b42e6294315c49b99466123f1019e, type: 3}
      propertyPath: m_LocalRotation.y
      value: -0
      objectReference: {fileID: 0}
    - target: {fileID: 4305940346917523529, guid: 6b3b42e6294315c49b99466123f1019e, type: 3}
      propertyPath: m_LocalRotation.z
      value: -0
      objectReference: {fileID: 0}
    - target: {fileID: 4305940346917523529, guid: 6b3b42e6294315c49b99466123f1019e, type: 3}
      propertyPath: m_LocalEulerAnglesHint.x
      value: 0
      objectReference: {fileID: 0}
    - target: {fileID: 4305940346917523529, guid: 6b3b42e6294315c49b99466123f1019e, type: 3}
      propertyPath: m_LocalEulerAnglesHint.y
      value: 0
      objectReference: {fileID: 0}
    - target: {fileID: 4305940346917523529, guid: 6b3b42e6294315c49b99466123f1019e, type: 3}
      propertyPath: m_LocalEulerAnglesHint.z
      value: 0
      objectReference: {fileID: 0}
    - target: {fileID: 5205035930461520761, guid: 6b3b42e6294315c49b99466123f1019e, type: 3}
      propertyPath: m_IsTrigger
      value: 0
      objectReference: {fileID: 0}
    m_RemovedComponents: []
  m_SourcePrefab: {fileID: 100100000, guid: 6b3b42e6294315c49b99466123f1019e, type: 3}
--- !u!1 &951262082 stripped
GameObject:
  m_CorrespondingSourceObject: {fileID: 870559159872904601, guid: 6b3b42e6294315c49b99466123f1019e, type: 3}
  m_PrefabInstance: {fileID: 3041211120731139079}
  m_PrefabAsset: {fileID: 0}
--- !u!4 &951262086 stripped
Transform:
  m_CorrespondingSourceObject: {fileID: 4305940346917523529, guid: 6b3b42e6294315c49b99466123f1019e, type: 3}
  m_PrefabInstance: {fileID: 3041211120731139079}
  m_PrefabAsset: {fileID: 0}
--- !u!114 &951262087
MonoBehaviour:
  m_ObjectHideFlags: 0
  m_CorrespondingSourceObject: {fileID: 0}
  m_PrefabInstance: {fileID: 0}
  m_PrefabAsset: {fileID: 0}
  m_GameObject: {fileID: 951262082}
  m_Enabled: 1
  m_EditorHideFlags: 0
  m_Script: {fileID: 11500000, guid: 14bbc3ad1eead6041ba8e3a639e7c969, type: 3}
  m_Name: 
  m_EditorClassIdentifier: 
  JumpForce: 300
--- !u!1001 &1021942961
PrefabInstance:
  m_ObjectHideFlags: 0
  serializedVersion: 2
  m_Modification:
    m_TransformParent: {fileID: 0}
    m_Modifications:
    - target: {fileID: 775162019246811957, guid: dbffc2523aad36643813fd396ace02ba, type: 3}
      propertyPath: m_Name
      value: Coin (6)
      objectReference: {fileID: 0}
    - target: {fileID: 3076242666935824454, guid: dbffc2523aad36643813fd396ace02ba, type: 3}
      propertyPath: m_IsTrigger
      value: 1
      objectReference: {fileID: 0}
    - target: {fileID: 7827048584077212781, guid: dbffc2523aad36643813fd396ace02ba, type: 3}
      propertyPath: m_RootOrder
      value: 11
      objectReference: {fileID: 0}
    - target: {fileID: 7827048584077212781, guid: dbffc2523aad36643813fd396ace02ba, type: 3}
      propertyPath: m_LocalPosition.x
      value: 48.41
      objectReference: {fileID: 0}
    - target: {fileID: 7827048584077212781, guid: dbffc2523aad36643813fd396ace02ba, type: 3}
      propertyPath: m_LocalPosition.y
      value: 1.4301591
      objectReference: {fileID: 0}
    - target: {fileID: 7827048584077212781, guid: dbffc2523aad36643813fd396ace02ba, type: 3}
      propertyPath: m_LocalPosition.z
      value: 0
      objectReference: {fileID: 0}
    - target: {fileID: 7827048584077212781, guid: dbffc2523aad36643813fd396ace02ba, type: 3}
      propertyPath: m_LocalRotation.w
      value: 1
      objectReference: {fileID: 0}
    - target: {fileID: 7827048584077212781, guid: dbffc2523aad36643813fd396ace02ba, type: 3}
      propertyPath: m_LocalRotation.x
      value: 0
      objectReference: {fileID: 0}
    - target: {fileID: 7827048584077212781, guid: dbffc2523aad36643813fd396ace02ba, type: 3}
      propertyPath: m_LocalRotation.y
      value: 0
      objectReference: {fileID: 0}
    - target: {fileID: 7827048584077212781, guid: dbffc2523aad36643813fd396ace02ba, type: 3}
      propertyPath: m_LocalRotation.z
      value: 0
      objectReference: {fileID: 0}
    - target: {fileID: 7827048584077212781, guid: dbffc2523aad36643813fd396ace02ba, type: 3}
      propertyPath: m_LocalEulerAnglesHint.x
      value: 0
      objectReference: {fileID: 0}
    - target: {fileID: 7827048584077212781, guid: dbffc2523aad36643813fd396ace02ba, type: 3}
      propertyPath: m_LocalEulerAnglesHint.y
      value: 0
      objectReference: {fileID: 0}
    - target: {fileID: 7827048584077212781, guid: dbffc2523aad36643813fd396ace02ba, type: 3}
      propertyPath: m_LocalEulerAnglesHint.z
      value: 0
      objectReference: {fileID: 0}
    m_RemovedComponents: []
  m_SourcePrefab: {fileID: 100100000, guid: dbffc2523aad36643813fd396ace02ba, type: 3}
--- !u!1001 &1049598358
PrefabInstance:
  m_ObjectHideFlags: 0
  serializedVersion: 2
  m_Modification:
    m_TransformParent: {fileID: 0}
    m_Modifications:
    - target: {fileID: 775162019246811957, guid: dbffc2523aad36643813fd396ace02ba, type: 3}
      propertyPath: m_Name
      value: Coin (7)
      objectReference: {fileID: 0}
    - target: {fileID: 3076242666935824454, guid: dbffc2523aad36643813fd396ace02ba, type: 3}
      propertyPath: m_IsTrigger
      value: 1
      objectReference: {fileID: 0}
    - target: {fileID: 7827048584077212781, guid: dbffc2523aad36643813fd396ace02ba, type: 3}
      propertyPath: m_RootOrder
      value: 12
      objectReference: {fileID: 0}
    - target: {fileID: 7827048584077212781, guid: dbffc2523aad36643813fd396ace02ba, type: 3}
      propertyPath: m_LocalPosition.x
      value: 38.43
      objectReference: {fileID: 0}
    - target: {fileID: 7827048584077212781, guid: dbffc2523aad36643813fd396ace02ba, type: 3}
      propertyPath: m_LocalPosition.y
      value: 1.4301591
      objectReference: {fileID: 0}
    - target: {fileID: 7827048584077212781, guid: dbffc2523aad36643813fd396ace02ba, type: 3}
      propertyPath: m_LocalPosition.z
      value: 0
      objectReference: {fileID: 0}
    - target: {fileID: 7827048584077212781, guid: dbffc2523aad36643813fd396ace02ba, type: 3}
      propertyPath: m_LocalRotation.w
      value: 1
      objectReference: {fileID: 0}
    - target: {fileID: 7827048584077212781, guid: dbffc2523aad36643813fd396ace02ba, type: 3}
      propertyPath: m_LocalRotation.x
      value: 0
      objectReference: {fileID: 0}
    - target: {fileID: 7827048584077212781, guid: dbffc2523aad36643813fd396ace02ba, type: 3}
      propertyPath: m_LocalRotation.y
      value: 0
      objectReference: {fileID: 0}
    - target: {fileID: 7827048584077212781, guid: dbffc2523aad36643813fd396ace02ba, type: 3}
      propertyPath: m_LocalRotation.z
      value: 0
      objectReference: {fileID: 0}
    - target: {fileID: 7827048584077212781, guid: dbffc2523aad36643813fd396ace02ba, type: 3}
      propertyPath: m_LocalEulerAnglesHint.x
      value: 0
      objectReference: {fileID: 0}
    - target: {fileID: 7827048584077212781, guid: dbffc2523aad36643813fd396ace02ba, type: 3}
      propertyPath: m_LocalEulerAnglesHint.y
      value: 0
      objectReference: {fileID: 0}
    - target: {fileID: 7827048584077212781, guid: dbffc2523aad36643813fd396ace02ba, type: 3}
      propertyPath: m_LocalEulerAnglesHint.z
      value: 0
      objectReference: {fileID: 0}
    m_RemovedComponents: []
  m_SourcePrefab: {fileID: 100100000, guid: dbffc2523aad36643813fd396ace02ba, type: 3}
--- !u!1 &1072210414
GameObject:
  m_ObjectHideFlags: 0
  m_CorrespondingSourceObject: {fileID: 0}
  m_PrefabInstance: {fileID: 0}
  m_PrefabAsset: {fileID: 0}
  serializedVersion: 6
  m_Component:
  - component: {fileID: 1072210415}
  m_Layer: 0
  m_Name: Terrain
  m_TagString: Untagged
  m_Icon: {fileID: 0}
  m_NavMeshLayer: 0
  m_StaticEditorFlags: 0
  m_IsActive: 1
--- !u!4 &1072210415
Transform:
  m_ObjectHideFlags: 0
  m_CorrespondingSourceObject: {fileID: 0}
  m_PrefabInstance: {fileID: 0}
  m_PrefabAsset: {fileID: 0}
  m_GameObject: {fileID: 1072210414}
  m_LocalRotation: {x: 0, y: 0, z: 0, w: 1}
  m_LocalPosition: {x: 0, y: 0, z: 0}
  m_LocalScale: {x: 1, y: 1, z: 1}
  m_Children:
  - {fileID: 1968698144}
  - {fileID: 26043754}
  - {fileID: 2056155367}
  - {fileID: 1963787968}
  m_Father: {fileID: 0}
  m_RootOrder: 4
  m_LocalEulerAnglesHint: {x: 0, y: 0, z: 0}
--- !u!1001 &1209596239
PrefabInstance:
  m_ObjectHideFlags: 0
  serializedVersion: 2
  m_Modification:
    m_TransformParent: {fileID: 1860201168}
    m_Modifications:
    - target: {fileID: 775162019246811957, guid: dbffc2523aad36643813fd396ace02ba, type: 3}
      propertyPath: m_Name
      value: Key
      objectReference: {fileID: 0}
    - target: {fileID: 775162019246811957, guid: dbffc2523aad36643813fd396ace02ba, type: 3}
      propertyPath: m_TagString
      value: Untagged
      objectReference: {fileID: 0}
    - target: {fileID: 3076242666935824454, guid: dbffc2523aad36643813fd396ace02ba, type: 3}
      propertyPath: m_IsTrigger
      value: 1
      objectReference: {fileID: 0}
    - target: {fileID: 3076242666935824455, guid: dbffc2523aad36643813fd396ace02ba, type: 3}
      propertyPath: m_Materials.Array.data[0]
      value: 
      objectReference: {fileID: 2100000, guid: aa710f50a5e31ef4697ea43f8a3baa93, type: 2}
    - target: {fileID: 7827048584077212781, guid: dbffc2523aad36643813fd396ace02ba, type: 3}
      propertyPath: m_RootOrder
      value: 0
      objectReference: {fileID: 0}
    - target: {fileID: 7827048584077212781, guid: dbffc2523aad36643813fd396ace02ba, type: 3}
      propertyPath: m_LocalScale.x
      value: 2.03325
      objectReference: {fileID: 0}
    - target: {fileID: 7827048584077212781, guid: dbffc2523aad36643813fd396ace02ba, type: 3}
      propertyPath: m_LocalPosition.x
      value: -4.1825666
      objectReference: {fileID: 0}
    - target: {fileID: 7827048584077212781, guid: dbffc2523aad36643813fd396ace02ba, type: 3}
      propertyPath: m_LocalPosition.y
      value: 5.8135443
      objectReference: {fileID: 0}
    - target: {fileID: 7827048584077212781, guid: dbffc2523aad36643813fd396ace02ba, type: 3}
      propertyPath: m_LocalPosition.z
      value: -16.540339
      objectReference: {fileID: 0}
    - target: {fileID: 7827048584077212781, guid: dbffc2523aad36643813fd396ace02ba, type: 3}
      propertyPath: m_LocalRotation.w
      value: 1
      objectReference: {fileID: 0}
    - target: {fileID: 7827048584077212781, guid: dbffc2523aad36643813fd396ace02ba, type: 3}
      propertyPath: m_LocalRotation.x
      value: -0
      objectReference: {fileID: 0}
    - target: {fileID: 7827048584077212781, guid: dbffc2523aad36643813fd396ace02ba, type: 3}
      propertyPath: m_LocalRotation.y
      value: -0
      objectReference: {fileID: 0}
    - target: {fileID: 7827048584077212781, guid: dbffc2523aad36643813fd396ace02ba, type: 3}
      propertyPath: m_LocalRotation.z
      value: -0
      objectReference: {fileID: 0}
    - target: {fileID: 7827048584077212781, guid: dbffc2523aad36643813fd396ace02ba, type: 3}
      propertyPath: m_LocalEulerAnglesHint.x
      value: 0
      objectReference: {fileID: 0}
    - target: {fileID: 7827048584077212781, guid: dbffc2523aad36643813fd396ace02ba, type: 3}
      propertyPath: m_LocalEulerAnglesHint.y
      value: 0
      objectReference: {fileID: 0}
    - target: {fileID: 7827048584077212781, guid: dbffc2523aad36643813fd396ace02ba, type: 3}
      propertyPath: m_LocalEulerAnglesHint.z
      value: 0
      objectReference: {fileID: 0}
    m_RemovedComponents:
    - {fileID: 5515176631447294612, guid: dbffc2523aad36643813fd396ace02ba, type: 3}
  m_SourcePrefab: {fileID: 100100000, guid: dbffc2523aad36643813fd396ace02ba, type: 3}
--- !u!1 &1290445061
GameObject:
  m_ObjectHideFlags: 0
  m_CorrespondingSourceObject: {fileID: 0}
  m_PrefabInstance: {fileID: 0}
  m_PrefabAsset: {fileID: 0}
  serializedVersion: 6
  m_Component:
  - component: {fileID: 1290445062}
  - component: {fileID: 1290445065}
  - component: {fileID: 1290445064}
  - component: {fileID: 1290445063}
  m_Layer: 0
  m_Name: Cube (4)
  m_TagString: Untagged
  m_Icon: {fileID: 0}
  m_NavMeshLayer: 0
  m_StaticEditorFlags: 0
  m_IsActive: 1
--- !u!4 &1290445062
Transform:
  m_ObjectHideFlags: 0
  m_CorrespondingSourceObject: {fileID: 0}
  m_PrefabInstance: {fileID: 0}
  m_PrefabAsset: {fileID: 0}
  m_GameObject: {fileID: 1290445061}
  m_LocalRotation: {x: 0, y: 0, z: 0, w: 1}
  m_LocalPosition: {x: 12.8858, y: 8.9647, z: 0}
  m_LocalScale: {x: 9.312128, y: 0.96644914, z: 1}
  m_Children: []
  m_Father: {fileID: 742986482}
  m_RootOrder: 4
  m_LocalEulerAnglesHint: {x: 0, y: 0, z: 0}
--- !u!65 &1290445063
BoxCollider:
  m_ObjectHideFlags: 0
  m_CorrespondingSourceObject: {fileID: 0}
  m_PrefabInstance: {fileID: 0}
  m_PrefabAsset: {fileID: 0}
  m_GameObject: {fileID: 1290445061}
  m_Material: {fileID: 13400000, guid: dd18dc4ac24554a0badca3bef5a8c155, type: 2}
  m_IsTrigger: 0
  m_Enabled: 1
  serializedVersion: 2
  m_Size: {x: 1, y: 1, z: 1}
  m_Center: {x: 0, y: 0, z: 0}
--- !u!23 &1290445064
MeshRenderer:
  m_ObjectHideFlags: 0
  m_CorrespondingSourceObject: {fileID: 0}
  m_PrefabInstance: {fileID: 0}
  m_PrefabAsset: {fileID: 0}
  m_GameObject: {fileID: 1290445061}
  m_Enabled: 1
  m_CastShadows: 1
  m_ReceiveShadows: 1
  m_DynamicOccludee: 1
  m_MotionVectors: 1
  m_LightProbeUsage: 1
  m_ReflectionProbeUsage: 1
  m_RayTracingMode: 2
  m_RayTraceProcedural: 0
  m_RenderingLayerMask: 1
  m_RendererPriority: 0
  m_Materials:
  - {fileID: 2100000, guid: 5c13ff935b260447a861acd7df56ba6c, type: 2}
  m_StaticBatchInfo:
    firstSubMesh: 0
    subMeshCount: 0
  m_StaticBatchRoot: {fileID: 0}
  m_ProbeAnchor: {fileID: 0}
  m_LightProbeVolumeOverride: {fileID: 0}
  m_ScaleInLightmap: 1
  m_ReceiveGI: 1
  m_PreserveUVs: 0
  m_IgnoreNormalsForChartDetection: 0
  m_ImportantGI: 0
  m_StitchLightmapSeams: 1
  m_SelectedEditorRenderState: 3
  m_MinimumChartSize: 4
  m_AutoUVMaxDistance: 0.5
  m_AutoUVMaxAngle: 89
  m_LightmapParameters: {fileID: 0}
  m_SortingLayerID: 0
  m_SortingLayer: 0
  m_SortingOrder: 0
  m_AdditionalVertexStreams: {fileID: 0}
--- !u!33 &1290445065
MeshFilter:
  m_ObjectHideFlags: 0
  m_CorrespondingSourceObject: {fileID: 0}
  m_PrefabInstance: {fileID: 0}
  m_PrefabAsset: {fileID: 0}
  m_GameObject: {fileID: 1290445061}
  m_Mesh: {fileID: 10202, guid: 0000000000000000e000000000000000, type: 0}
--- !u!1001 &1353041825
PrefabInstance:
  m_ObjectHideFlags: 0
  serializedVersion: 2
  m_Modification:
    m_TransformParent: {fileID: 0}
    m_Modifications:
    - target: {fileID: 388290615712883536, guid: 84cdaea7e8c0742a1979f52df6d1db4d, type: 3}
      propertyPath: m_RootOrder
      value: 5
      objectReference: {fileID: 0}
    - target: {fileID: 388290615712883536, guid: 84cdaea7e8c0742a1979f52df6d1db4d, type: 3}
      propertyPath: m_LocalPosition.x
      value: -9
      objectReference: {fileID: 0}
    - target: {fileID: 388290615712883536, guid: 84cdaea7e8c0742a1979f52df6d1db4d, type: 3}
      propertyPath: m_LocalPosition.y
      value: 1
      objectReference: {fileID: 0}
    - target: {fileID: 388290615712883536, guid: 84cdaea7e8c0742a1979f52df6d1db4d, type: 3}
      propertyPath: m_LocalPosition.z
      value: 0
      objectReference: {fileID: 0}
    - target: {fileID: 388290615712883536, guid: 84cdaea7e8c0742a1979f52df6d1db4d, type: 3}
      propertyPath: m_LocalRotation.w
      value: 1
      objectReference: {fileID: 0}
    - target: {fileID: 388290615712883536, guid: 84cdaea7e8c0742a1979f52df6d1db4d, type: 3}
      propertyPath: m_LocalRotation.x
      value: -0
      objectReference: {fileID: 0}
    - target: {fileID: 388290615712883536, guid: 84cdaea7e8c0742a1979f52df6d1db4d, type: 3}
      propertyPath: m_LocalRotation.y
      value: -0
      objectReference: {fileID: 0}
    - target: {fileID: 388290615712883536, guid: 84cdaea7e8c0742a1979f52df6d1db4d, type: 3}
      propertyPath: m_LocalRotation.z
      value: -0
      objectReference: {fileID: 0}
    - target: {fileID: 388290615712883536, guid: 84cdaea7e8c0742a1979f52df6d1db4d, type: 3}
      propertyPath: m_LocalEulerAnglesHint.x
      value: 0
      objectReference: {fileID: 0}
    - target: {fileID: 388290615712883536, guid: 84cdaea7e8c0742a1979f52df6d1db4d, type: 3}
      propertyPath: m_LocalEulerAnglesHint.y
      value: 0
      objectReference: {fileID: 0}
    - target: {fileID: 388290615712883536, guid: 84cdaea7e8c0742a1979f52df6d1db4d, type: 3}
      propertyPath: m_LocalEulerAnglesHint.z
      value: 0
      objectReference: {fileID: 0}
    - target: {fileID: 388290615712883543, guid: 84cdaea7e8c0742a1979f52df6d1db4d, type: 3}
      propertyPath: m_Name
      value: Player
      objectReference: {fileID: 0}
    m_RemovedComponents: []
  m_SourcePrefab: {fileID: 100100000, guid: 84cdaea7e8c0742a1979f52df6d1db4d, type: 3}
--- !u!1001 &1370599898
PrefabInstance:
  m_ObjectHideFlags: 0
  serializedVersion: 2
  m_Modification:
    m_TransformParent: {fileID: 0}
    m_Modifications:
    - target: {fileID: 775162019246811957, guid: dbffc2523aad36643813fd396ace02ba, type: 3}
      propertyPath: m_Name
      value: Coin (8)
      objectReference: {fileID: 0}
    - target: {fileID: 3076242666935824454, guid: dbffc2523aad36643813fd396ace02ba, type: 3}
      propertyPath: m_IsTrigger
      value: 1
      objectReference: {fileID: 0}
    - target: {fileID: 7827048584077212781, guid: dbffc2523aad36643813fd396ace02ba, type: 3}
      propertyPath: m_RootOrder
      value: 13
      objectReference: {fileID: 0}
    - target: {fileID: 7827048584077212781, guid: dbffc2523aad36643813fd396ace02ba, type: 3}
      propertyPath: m_LocalPosition.x
      value: 10.27
      objectReference: {fileID: 0}
    - target: {fileID: 7827048584077212781, guid: dbffc2523aad36643813fd396ace02ba, type: 3}
      propertyPath: m_LocalPosition.y
      value: 10.86
      objectReference: {fileID: 0}
    - target: {fileID: 7827048584077212781, guid: dbffc2523aad36643813fd396ace02ba, type: 3}
      propertyPath: m_LocalPosition.z
      value: 0
      objectReference: {fileID: 0}
    - target: {fileID: 7827048584077212781, guid: dbffc2523aad36643813fd396ace02ba, type: 3}
      propertyPath: m_LocalRotation.w
      value: 1
      objectReference: {fileID: 0}
    - target: {fileID: 7827048584077212781, guid: dbffc2523aad36643813fd396ace02ba, type: 3}
      propertyPath: m_LocalRotation.x
      value: 0
      objectReference: {fileID: 0}
    - target: {fileID: 7827048584077212781, guid: dbffc2523aad36643813fd396ace02ba, type: 3}
      propertyPath: m_LocalRotation.y
      value: 0
      objectReference: {fileID: 0}
    - target: {fileID: 7827048584077212781, guid: dbffc2523aad36643813fd396ace02ba, type: 3}
      propertyPath: m_LocalRotation.z
      value: 0
      objectReference: {fileID: 0}
    - target: {fileID: 7827048584077212781, guid: dbffc2523aad36643813fd396ace02ba, type: 3}
      propertyPath: m_LocalEulerAnglesHint.x
      value: 0
      objectReference: {fileID: 0}
    - target: {fileID: 7827048584077212781, guid: dbffc2523aad36643813fd396ace02ba, type: 3}
      propertyPath: m_LocalEulerAnglesHint.y
      value: 0
      objectReference: {fileID: 0}
    - target: {fileID: 7827048584077212781, guid: dbffc2523aad36643813fd396ace02ba, type: 3}
      propertyPath: m_LocalEulerAnglesHint.z
      value: 0
      objectReference: {fileID: 0}
    m_RemovedComponents: []
  m_SourcePrefab: {fileID: 100100000, guid: dbffc2523aad36643813fd396ace02ba, type: 3}
--- !u!1001 &1433345596
PrefabInstance:
  m_ObjectHideFlags: 0
  serializedVersion: 2
  m_Modification:
    m_TransformParent: {fileID: 0}
    m_Modifications:
    - target: {fileID: 1611373715402337260, guid: 69347ec506edf4a1fa75d528d6403166, type: 3}
      propertyPath: m_RootOrder
      value: 1
      objectReference: {fileID: 0}
    - target: {fileID: 1611373715402337260, guid: 69347ec506edf4a1fa75d528d6403166, type: 3}
      propertyPath: m_LocalScale.x
      value: 16.219
      objectReference: {fileID: 0}
    - target: {fileID: 1611373715402337260, guid: 69347ec506edf4a1fa75d528d6403166, type: 3}
      propertyPath: m_LocalPosition.x
      value: 16.4306
      objectReference: {fileID: 0}
    - target: {fileID: 1611373715402337260, guid: 69347ec506edf4a1fa75d528d6403166, type: 3}
      propertyPath: m_LocalPosition.y
      value: 5.51
      objectReference: {fileID: 0}
    - target: {fileID: 1611373715402337260, guid: 69347ec506edf4a1fa75d528d6403166, type: 3}
      propertyPath: m_LocalPosition.z
      value: 0
      objectReference: {fileID: 0}
    - target: {fileID: 1611373715402337260, guid: 69347ec506edf4a1fa75d528d6403166, type: 3}
      propertyPath: m_LocalRotation.w
      value: 1
      objectReference: {fileID: 0}
    - target: {fileID: 1611373715402337260, guid: 69347ec506edf4a1fa75d528d6403166, type: 3}
      propertyPath: m_LocalRotation.x
      value: 0
      objectReference: {fileID: 0}
    - target: {fileID: 1611373715402337260, guid: 69347ec506edf4a1fa75d528d6403166, type: 3}
      propertyPath: m_LocalRotation.y
      value: 0
      objectReference: {fileID: 0}
    - target: {fileID: 1611373715402337260, guid: 69347ec506edf4a1fa75d528d6403166, type: 3}
      propertyPath: m_LocalRotation.z
      value: 0
      objectReference: {fileID: 0}
    - target: {fileID: 1611373715402337260, guid: 69347ec506edf4a1fa75d528d6403166, type: 3}
      propertyPath: m_LocalEulerAnglesHint.x
      value: 0
      objectReference: {fileID: 0}
    - target: {fileID: 1611373715402337260, guid: 69347ec506edf4a1fa75d528d6403166, type: 3}
      propertyPath: m_LocalEulerAnglesHint.y
      value: 0
      objectReference: {fileID: 0}
    - target: {fileID: 1611373715402337260, guid: 69347ec506edf4a1fa75d528d6403166, type: 3}
      propertyPath: m_LocalEulerAnglesHint.z
      value: 0
      objectReference: {fileID: 0}
    - target: {fileID: 3700365744653131959, guid: 69347ec506edf4a1fa75d528d6403166, type: 3}
      propertyPath: m_Name
      value: Lava
      objectReference: {fileID: 0}
    - target: {fileID: 4685225785906711079, guid: 69347ec506edf4a1fa75d528d6403166, type: 3}
      propertyPath: DamagePerSecond
      value: 5
      objectReference: {fileID: 0}
    m_RemovedComponents: []
  m_SourcePrefab: {fileID: 100100000, guid: 69347ec506edf4a1fa75d528d6403166, type: 3}
--- !u!1001 &1456920186
PrefabInstance:
  m_ObjectHideFlags: 0
  serializedVersion: 2
  m_Modification:
    m_TransformParent: {fileID: 1860201168}
    m_Modifications:
    - target: {fileID: 775162019246811957, guid: dbffc2523aad36643813fd396ace02ba, type: 3}
      propertyPath: m_Name
      value: Gate
      objectReference: {fileID: 0}
    - target: {fileID: 775162019246811957, guid: dbffc2523aad36643813fd396ace02ba, type: 3}
      propertyPath: m_TagString
      value: Gate
      objectReference: {fileID: 0}
    - target: {fileID: 3076242666935824454, guid: dbffc2523aad36643813fd396ace02ba, type: 3}
      propertyPath: m_Material
      value: 
      objectReference: {fileID: 13400000, guid: dd18dc4ac24554a0badca3bef5a8c155, type: 2}
    - target: {fileID: 3076242666935824454, guid: dbffc2523aad36643813fd396ace02ba, type: 3}
      propertyPath: m_IsTrigger
      value: 0
      objectReference: {fileID: 0}
    - target: {fileID: 3076242666935824455, guid: dbffc2523aad36643813fd396ace02ba, type: 3}
      propertyPath: m_Materials.Array.data[0]
      value: 
      objectReference: {fileID: 2100000, guid: aa710f50a5e31ef4697ea43f8a3baa93, type: 2}
    - target: {fileID: 7827048584077212781, guid: dbffc2523aad36643813fd396ace02ba, type: 3}
      propertyPath: m_RootOrder
      value: 1
      objectReference: {fileID: 0}
    - target: {fileID: 7827048584077212781, guid: dbffc2523aad36643813fd396ace02ba, type: 3}
      propertyPath: m_LocalScale.x
      value: 1.6869062
      objectReference: {fileID: 0}
    - target: {fileID: 7827048584077212781, guid: dbffc2523aad36643813fd396ace02ba, type: 3}
      propertyPath: m_LocalScale.y
      value: 24.078764
      objectReference: {fileID: 0}
    - target: {fileID: 7827048584077212781, guid: dbffc2523aad36643813fd396ace02ba, type: 3}
      propertyPath: m_LocalScale.z
      value: 1.31705
      objectReference: {fileID: 0}
    - target: {fileID: 7827048584077212781, guid: dbffc2523aad36643813fd396ace02ba, type: 3}
      propertyPath: m_LocalPosition.x
      value: 23.78
      objectReference: {fileID: 0}
    - target: {fileID: 7827048584077212781, guid: dbffc2523aad36643813fd396ace02ba, type: 3}
      propertyPath: m_LocalPosition.y
      value: 4.606
      objectReference: {fileID: 0}
    - target: {fileID: 7827048584077212781, guid: dbffc2523aad36643813fd396ace02ba, type: 3}
      propertyPath: m_LocalPosition.z
      value: -16.540339
      objectReference: {fileID: 0}
    - target: {fileID: 7827048584077212781, guid: dbffc2523aad36643813fd396ace02ba, type: 3}
      propertyPath: m_LocalRotation.w
      value: 1
      objectReference: {fileID: 0}
    - target: {fileID: 7827048584077212781, guid: dbffc2523aad36643813fd396ace02ba, type: 3}
      propertyPath: m_LocalRotation.x
      value: -0
      objectReference: {fileID: 0}
    - target: {fileID: 7827048584077212781, guid: dbffc2523aad36643813fd396ace02ba, type: 3}
      propertyPath: m_LocalRotation.y
      value: -0
      objectReference: {fileID: 0}
    - target: {fileID: 7827048584077212781, guid: dbffc2523aad36643813fd396ace02ba, type: 3}
      propertyPath: m_LocalRotation.z
      value: -0
      objectReference: {fileID: 0}
    - target: {fileID: 7827048584077212781, guid: dbffc2523aad36643813fd396ace02ba, type: 3}
      propertyPath: m_LocalEulerAnglesHint.x
      value: 0
      objectReference: {fileID: 0}
    - target: {fileID: 7827048584077212781, guid: dbffc2523aad36643813fd396ace02ba, type: 3}
      propertyPath: m_LocalEulerAnglesHint.y
      value: 0
      objectReference: {fileID: 0}
    - target: {fileID: 7827048584077212781, guid: dbffc2523aad36643813fd396ace02ba, type: 3}
      propertyPath: m_LocalEulerAnglesHint.z
      value: 0
      objectReference: {fileID: 0}
    m_RemovedComponents:
    - {fileID: 5515176631447294612, guid: dbffc2523aad36643813fd396ace02ba, type: 3}
  m_SourcePrefab: {fileID: 100100000, guid: dbffc2523aad36643813fd396ace02ba, type: 3}
--- !u!1001 &1593301278
PrefabInstance:
  m_ObjectHideFlags: 0
  serializedVersion: 2
  m_Modification:
    m_TransformParent: {fileID: 0}
    m_Modifications:
    - target: {fileID: 2326340101419835250, guid: 3f000e8ddecb748a09b1d673c4bfc94d, type: 3}
      propertyPath: m_Name
      value: Camera
      objectReference: {fileID: 0}
    - target: {fileID: 2326340101419835255, guid: 3f000e8ddecb748a09b1d673c4bfc94d, type: 3}
      propertyPath: m_RootOrder
      value: 0
      objectReference: {fileID: 0}
    - target: {fileID: 2326340101419835255, guid: 3f000e8ddecb748a09b1d673c4bfc94d, type: 3}
      propertyPath: m_LocalPosition.x
      value: -5.8
      objectReference: {fileID: 0}
    - target: {fileID: 2326340101419835255, guid: 3f000e8ddecb748a09b1d673c4bfc94d, type: 3}
      propertyPath: m_LocalPosition.y
      value: 13.1
      objectReference: {fileID: 0}
    - target: {fileID: 2326340101419835255, guid: 3f000e8ddecb748a09b1d673c4bfc94d, type: 3}
      propertyPath: m_LocalPosition.z
      value: -17.02
      objectReference: {fileID: 0}
    - target: {fileID: 2326340101419835255, guid: 3f000e8ddecb748a09b1d673c4bfc94d, type: 3}
      propertyPath: m_LocalRotation.w
      value: 0.95095754
      objectReference: {fileID: 0}
    - target: {fileID: 2326340101419835255, guid: 3f000e8ddecb748a09b1d673c4bfc94d, type: 3}
      propertyPath: m_LocalRotation.x
      value: 0.22979724
      objectReference: {fileID: 0}
    - target: {fileID: 2326340101419835255, guid: 3f000e8ddecb748a09b1d673c4bfc94d, type: 3}
      propertyPath: m_LocalRotation.y
      value: 0.20126499
      objectReference: {fileID: 0}
    - target: {fileID: 2326340101419835255, guid: 3f000e8ddecb748a09b1d673c4bfc94d, type: 3}
      propertyPath: m_LocalRotation.z
      value: -0.048635338
      objectReference: {fileID: 0}
    - target: {fileID: 2326340101419835255, guid: 3f000e8ddecb748a09b1d673c4bfc94d, type: 3}
      propertyPath: m_LocalEulerAnglesHint.x
      value: 27.17
      objectReference: {fileID: 0}
    - target: {fileID: 2326340101419835255, guid: 3f000e8ddecb748a09b1d673c4bfc94d, type: 3}
      propertyPath: m_LocalEulerAnglesHint.y
      value: 23.9
      objectReference: {fileID: 0}
    - target: {fileID: 2326340101419835255, guid: 3f000e8ddecb748a09b1d673c4bfc94d, type: 3}
      propertyPath: m_LocalEulerAnglesHint.z
      value: 0
      objectReference: {fileID: 0}
    m_RemovedComponents: []
  m_SourcePrefab: {fileID: 100100000, guid: 3f000e8ddecb748a09b1d673c4bfc94d, type: 3}
--- !u!1 &1628036257 stripped
GameObject:
  m_CorrespondingSourceObject: {fileID: 775162019246811957, guid: dbffc2523aad36643813fd396ace02ba, type: 3}
  m_PrefabInstance: {fileID: 1456920186}
  m_PrefabAsset: {fileID: 0}
--- !u!65 &1628036258
BoxCollider:
  m_ObjectHideFlags: 0
  m_CorrespondingSourceObject: {fileID: 0}
  m_PrefabInstance: {fileID: 0}
  m_PrefabAsset: {fileID: 0}
  m_GameObject: {fileID: 1628036257}
  m_Material: {fileID: 0}
  m_IsTrigger: 1
  m_Enabled: 1
  serializedVersion: 2
  m_Size: {x: 2.179405, y: 1, z: 1}
  m_Center: {x: -0.58970326, y: 0, z: 0}
--- !u!4 &1628036261 stripped
Transform:
  m_CorrespondingSourceObject: {fileID: 7827048584077212781, guid: dbffc2523aad36643813fd396ace02ba, type: 3}
  m_PrefabInstance: {fileID: 1456920186}
  m_PrefabAsset: {fileID: 0}
--- !u!114 &1628036263
MonoBehaviour:
  m_ObjectHideFlags: 0
  m_CorrespondingSourceObject: {fileID: 0}
  m_PrefabInstance: {fileID: 0}
  m_PrefabAsset: {fileID: 0}
  m_GameObject: {fileID: 1628036257}
  m_Enabled: 1
  m_EditorHideFlags: 0
  m_Script: {fileID: 11500000, guid: 8deade79a74f023409189e7c4b57b3e5, type: 3}
  m_Name: 
  m_EditorClassIdentifier: 
--- !u!1001 &1659233203
PrefabInstance:
  m_ObjectHideFlags: 0
  serializedVersion: 2
  m_Modification:
    m_TransformParent: {fileID: 0}
    m_Modifications:
    - target: {fileID: 2603942412967885802, guid: 121f86fb39eee44fab4c667b07955a56, type: 3}
      propertyPath: m_Name
      value: hpBar
      objectReference: {fileID: 0}
    - target: {fileID: 5498275000204030530, guid: 121f86fb39eee44fab4c667b07955a56, type: 3}
      propertyPath: m_Color.b
      value: 0.12953897
      objectReference: {fileID: 0}
    - target: {fileID: 5498275000204030530, guid: 121f86fb39eee44fab4c667b07955a56, type: 3}
      propertyPath: m_Color.g
      value: 0.12953897
      objectReference: {fileID: 0}
    - target: {fileID: 5498275000204030530, guid: 121f86fb39eee44fab4c667b07955a56, type: 3}
      propertyPath: m_Color.r
      value: 0.6698113
      objectReference: {fileID: 0}
    - target: {fileID: 5498275000204030530, guid: 121f86fb39eee44fab4c667b07955a56, type: 3}
      propertyPath: m_FontData.m_FontSize
      value: 40
      objectReference: {fileID: 0}
    - target: {fileID: 5599447260040897483, guid: 121f86fb39eee44fab4c667b07955a56, type: 3}
      propertyPath: m_SizeDelta.x
      value: 231.0558
      objectReference: {fileID: 0}
    - target: {fileID: 5599447260040897483, guid: 121f86fb39eee44fab4c667b07955a56, type: 3}
      propertyPath: m_SizeDelta.y
      value: 115.3107
      objectReference: {fileID: 0}
    - target: {fileID: 6291972051182949576, guid: 121f86fb39eee44fab4c667b07955a56, type: 3}
      propertyPath: m_RootOrder
      value: 2
      objectReference: {fileID: 0}
    - target: {fileID: 6291972051182949576, guid: 121f86fb39eee44fab4c667b07955a56, type: 3}
      propertyPath: m_LocalPosition.x
      value: -1.69
      objectReference: {fileID: 0}
    - target: {fileID: 6291972051182949576, guid: 121f86fb39eee44fab4c667b07955a56, type: 3}
      propertyPath: m_LocalPosition.y
      value: 0
      objectReference: {fileID: 0}
    - target: {fileID: 6291972051182949576, guid: 121f86fb39eee44fab4c667b07955a56, type: 3}
      propertyPath: m_LocalPosition.z
      value: 0
      objectReference: {fileID: 0}
    - target: {fileID: 6291972051182949576, guid: 121f86fb39eee44fab4c667b07955a56, type: 3}
      propertyPath: m_LocalRotation.w
      value: 1
      objectReference: {fileID: 0}
    - target: {fileID: 6291972051182949576, guid: 121f86fb39eee44fab4c667b07955a56, type: 3}
      propertyPath: m_LocalRotation.x
      value: 0
      objectReference: {fileID: 0}
    - target: {fileID: 6291972051182949576, guid: 121f86fb39eee44fab4c667b07955a56, type: 3}
      propertyPath: m_LocalRotation.y
      value: 0
      objectReference: {fileID: 0}
    - target: {fileID: 6291972051182949576, guid: 121f86fb39eee44fab4c667b07955a56, type: 3}
      propertyPath: m_LocalRotation.z
      value: 0
      objectReference: {fileID: 0}
    - target: {fileID: 6291972051182949576, guid: 121f86fb39eee44fab4c667b07955a56, type: 3}
      propertyPath: m_LocalEulerAnglesHint.x
      value: 0
      objectReference: {fileID: 0}
    - target: {fileID: 6291972051182949576, guid: 121f86fb39eee44fab4c667b07955a56, type: 3}
      propertyPath: m_LocalEulerAnglesHint.y
      value: 0
      objectReference: {fileID: 0}
    - target: {fileID: 6291972051182949576, guid: 121f86fb39eee44fab4c667b07955a56, type: 3}
      propertyPath: m_LocalEulerAnglesHint.z
      value: 0
      objectReference: {fileID: 0}
    - target: {fileID: 6291972051182949577, guid: 121f86fb39eee44fab4c667b07955a56, type: 3}
      propertyPath: m_Name
      value: GameManager
      objectReference: {fileID: 0}
    - target: {fileID: 6291972051182949583, guid: 121f86fb39eee44fab4c667b07955a56, type: 3}
      propertyPath: Goal
      value: 
      objectReference: {fileID: 1968698144}
    m_RemovedComponents: []
  m_SourcePrefab: {fileID: 100100000, guid: 121f86fb39eee44fab4c667b07955a56, type: 3}
--- !u!1001 &1684928830
PrefabInstance:
  m_ObjectHideFlags: 0
  serializedVersion: 2
  m_Modification:
    m_TransformParent: {fileID: 0}
    m_Modifications:
    - target: {fileID: 775162019246811957, guid: dbffc2523aad36643813fd396ace02ba, type: 3}
      propertyPath: m_Name
      value: Coin (3)
      objectReference: {fileID: 0}
    - target: {fileID: 3076242666935824454, guid: dbffc2523aad36643813fd396ace02ba, type: 3}
      propertyPath: m_IsTrigger
      value: 1
      objectReference: {fileID: 0}
    - target: {fileID: 7827048584077212781, guid: dbffc2523aad36643813fd396ace02ba, type: 3}
      propertyPath: m_RootOrder
      value: 8
      objectReference: {fileID: 0}
    - target: {fileID: 7827048584077212781, guid: dbffc2523aad36643813fd396ace02ba, type: 3}
      propertyPath: m_LocalPosition.x
      value: 10.27
      objectReference: {fileID: 0}
    - target: {fileID: 7827048584077212781, guid: dbffc2523aad36643813fd396ace02ba, type: 3}
      propertyPath: m_LocalPosition.y
      value: 7.69
      objectReference: {fileID: 0}
    - target: {fileID: 7827048584077212781, guid: dbffc2523aad36643813fd396ace02ba, type: 3}
      propertyPath: m_LocalPosition.z
      value: 0
      objectReference: {fileID: 0}
    - target: {fileID: 7827048584077212781, guid: dbffc2523aad36643813fd396ace02ba, type: 3}
      propertyPath: m_LocalRotation.w
      value: 1
      objectReference: {fileID: 0}
    - target: {fileID: 7827048584077212781, guid: dbffc2523aad36643813fd396ace02ba, type: 3}
      propertyPath: m_LocalRotation.x
      value: 0
      objectReference: {fileID: 0}
    - target: {fileID: 7827048584077212781, guid: dbffc2523aad36643813fd396ace02ba, type: 3}
      propertyPath: m_LocalRotation.y
      value: 0
      objectReference: {fileID: 0}
    - target: {fileID: 7827048584077212781, guid: dbffc2523aad36643813fd396ace02ba, type: 3}
      propertyPath: m_LocalRotation.z
      value: 0
      objectReference: {fileID: 0}
    - target: {fileID: 7827048584077212781, guid: dbffc2523aad36643813fd396ace02ba, type: 3}
      propertyPath: m_LocalEulerAnglesHint.x
      value: 0
      objectReference: {fileID: 0}
    - target: {fileID: 7827048584077212781, guid: dbffc2523aad36643813fd396ace02ba, type: 3}
      propertyPath: m_LocalEulerAnglesHint.y
      value: 0
      objectReference: {fileID: 0}
    - target: {fileID: 7827048584077212781, guid: dbffc2523aad36643813fd396ace02ba, type: 3}
      propertyPath: m_LocalEulerAnglesHint.z
      value: 0
      objectReference: {fileID: 0}
    m_RemovedComponents: []
  m_SourcePrefab: {fileID: 100100000, guid: dbffc2523aad36643813fd396ace02ba, type: 3}
--- !u!224 &1736597534 stripped
RectTransform:
  m_CorrespondingSourceObject: {fileID: 2425574232936935157, guid: 121f86fb39eee44fab4c667b07955a56, type: 3}
  m_PrefabInstance: {fileID: 1659233203}
  m_PrefabAsset: {fileID: 0}
--- !u!1 &1738839751
GameObject:
  m_ObjectHideFlags: 0
  m_CorrespondingSourceObject: {fileID: 0}
  m_PrefabInstance: {fileID: 0}
  m_PrefabAsset: {fileID: 0}
  serializedVersion: 6
  m_Component:
  - component: {fileID: 1738839752}
  - component: {fileID: 1738839755}
  - component: {fileID: 1738839754}
  - component: {fileID: 1738839753}
  m_Layer: 0
  m_Name: Cube (3)
  m_TagString: Untagged
  m_Icon: {fileID: 0}
  m_NavMeshLayer: 0
  m_StaticEditorFlags: 0
  m_IsActive: 1
--- !u!4 &1738839752
Transform:
  m_ObjectHideFlags: 0
  m_CorrespondingSourceObject: {fileID: 0}
  m_PrefabInstance: {fileID: 0}
  m_PrefabAsset: {fileID: 0}
  m_GameObject: {fileID: 1738839751}
  m_LocalRotation: {x: 0, y: 0, z: 0, w: 1}
  m_LocalPosition: {x: -12.3865, y: 4.7112, z: 0}
  m_LocalScale: {x: 2.92601, y: 14.998096, z: 1}
  m_Children: []
  m_Father: {fileID: 742986482}
  m_RootOrder: 3
  m_LocalEulerAnglesHint: {x: 0, y: 0, z: 0}
--- !u!65 &1738839753
BoxCollider:
  m_ObjectHideFlags: 0
  m_CorrespondingSourceObject: {fileID: 0}
  m_PrefabInstance: {fileID: 0}
  m_PrefabAsset: {fileID: 0}
  m_GameObject: {fileID: 1738839751}
  m_Material: {fileID: 13400000, guid: dd18dc4ac24554a0badca3bef5a8c155, type: 2}
  m_IsTrigger: 0
  m_Enabled: 1
  serializedVersion: 2
  m_Size: {x: 1, y: 1, z: 1}
  m_Center: {x: 0, y: 0, z: 0}
--- !u!23 &1738839754
MeshRenderer:
  m_ObjectHideFlags: 0
  m_CorrespondingSourceObject: {fileID: 0}
  m_PrefabInstance: {fileID: 0}
  m_PrefabAsset: {fileID: 0}
  m_GameObject: {fileID: 1738839751}
  m_Enabled: 1
  m_CastShadows: 1
  m_ReceiveShadows: 1
  m_DynamicOccludee: 1
  m_MotionVectors: 1
  m_LightProbeUsage: 1
  m_ReflectionProbeUsage: 1
  m_RayTracingMode: 2
  m_RayTraceProcedural: 0
  m_RenderingLayerMask: 1
  m_RendererPriority: 0
  m_Materials:
  - {fileID: 2100000, guid: 5c13ff935b260447a861acd7df56ba6c, type: 2}
  m_StaticBatchInfo:
    firstSubMesh: 0
    subMeshCount: 0
  m_StaticBatchRoot: {fileID: 0}
  m_ProbeAnchor: {fileID: 0}
  m_LightProbeVolumeOverride: {fileID: 0}
  m_ScaleInLightmap: 1
  m_ReceiveGI: 1
  m_PreserveUVs: 0
  m_IgnoreNormalsForChartDetection: 0
  m_ImportantGI: 0
  m_StitchLightmapSeams: 1
  m_SelectedEditorRenderState: 3
  m_MinimumChartSize: 4
  m_AutoUVMaxDistance: 0.5
  m_AutoUVMaxAngle: 89
  m_LightmapParameters: {fileID: 0}
  m_SortingLayerID: 0
  m_SortingLayer: 0
  m_SortingOrder: 0
  m_AdditionalVertexStreams: {fileID: 0}
--- !u!33 &1738839755
MeshFilter:
  m_ObjectHideFlags: 0
  m_CorrespondingSourceObject: {fileID: 0}
  m_PrefabInstance: {fileID: 0}
  m_PrefabAsset: {fileID: 0}
  m_GameObject: {fileID: 1738839751}
  m_Mesh: {fileID: 10202, guid: 0000000000000000e000000000000000, type: 0}
--- !u!1 &1799319799 stripped
GameObject:
  m_CorrespondingSourceObject: {fileID: 870559159872904601, guid: 6b3b42e6294315c49b99466123f1019e, type: 3}
  m_PrefabInstance: {fileID: 948693874}
  m_PrefabAsset: {fileID: 0}
--- !u!114 &1799319800
MonoBehaviour:
  m_ObjectHideFlags: 0
  m_CorrespondingSourceObject: {fileID: 0}
  m_PrefabInstance: {fileID: 0}
  m_PrefabAsset: {fileID: 0}
  m_GameObject: {fileID: 1799319799}
  m_Enabled: 1
  m_EditorHideFlags: 0
  m_Script: {fileID: 11500000, guid: 14bbc3ad1eead6041ba8e3a639e7c969, type: 3}
  m_Name: 
  m_EditorClassIdentifier: 
  JumpForce: 300
--- !u!4 &1799319804 stripped
Transform:
  m_CorrespondingSourceObject: {fileID: 4305940346917523529, guid: 6b3b42e6294315c49b99466123f1019e, type: 3}
  m_PrefabInstance: {fileID: 948693874}
  m_PrefabAsset: {fileID: 0}
--- !u!1 &1860201167
GameObject:
  m_ObjectHideFlags: 0
  m_CorrespondingSourceObject: {fileID: 0}
  m_PrefabInstance: {fileID: 0}
  m_PrefabAsset: {fileID: 0}
  serializedVersion: 6
  m_Component:
  - component: {fileID: 1860201168}
  - component: {fileID: 1860201169}
  m_Layer: 0
  m_Name: GateKey
  m_TagString: Untagged
  m_Icon: {fileID: 0}
  m_NavMeshLayer: 0
  m_StaticEditorFlags: 0
  m_IsActive: 1
--- !u!4 &1860201168
Transform:
  m_ObjectHideFlags: 0
  m_CorrespondingSourceObject: {fileID: 0}
  m_PrefabInstance: {fileID: 0}
  m_PrefabAsset: {fileID: 0}
  m_GameObject: {fileID: 1860201167}
  m_LocalRotation: {x: 0, y: 0, z: 0, w: 1}
  m_LocalPosition: {x: 19.062567, y: 4.8364553, z: 16.540339}
  m_LocalScale: {x: 1, y: 1, z: 1}
  m_Children:
  - {fileID: 316905458}
  - {fileID: 1628036261}
  m_Father: {fileID: 0}
  m_RootOrder: 14
  m_LocalEulerAnglesHint: {x: 0, y: 0, z: 0}
--- !u!114 &1860201169
MonoBehaviour:
  m_ObjectHideFlags: 0
  m_CorrespondingSourceObject: {fileID: 0}
  m_PrefabInstance: {fileID: 0}
  m_PrefabAsset: {fileID: 0}
  m_GameObject: {fileID: 1860201167}
  m_Enabled: 1
  m_EditorHideFlags: 0
  m_Script: {fileID: 11500000, guid: 8813951e1ddb35a48a94244fe0ea93cc, type: 3}
  m_Name: 
  m_EditorClassIdentifier: 
--- !u!1001 &1884938160
PrefabInstance:
  m_ObjectHideFlags: 0
  serializedVersion: 2
  m_Modification:
    m_TransformParent: {fileID: 1072210415}
    m_Modifications:
    - target: {fileID: 1232642526394195272, guid: be47ac35f899a42c2b88ba88da941498, type: 3}
      propertyPath: m_Enabled
      value: 1
      objectReference: {fileID: 0}
    - target: {fileID: 1232642526394195318, guid: be47ac35f899a42c2b88ba88da941498, type: 3}
      propertyPath: m_Name
      value: MovementBlocker
      objectReference: {fileID: 0}
    - target: {fileID: 1232642526394195319, guid: be47ac35f899a42c2b88ba88da941498, type: 3}
      propertyPath: m_RootOrder
      value: 1
      objectReference: {fileID: 0}
    - target: {fileID: 1232642526394195319, guid: be47ac35f899a42c2b88ba88da941498, type: 3}
      propertyPath: m_LocalPosition.x
      value: -12
      objectReference: {fileID: 0}
    - target: {fileID: 1232642526394195319, guid: be47ac35f899a42c2b88ba88da941498, type: 3}
      propertyPath: m_LocalPosition.y
      value: 0
      objectReference: {fileID: 0}
    - target: {fileID: 1232642526394195319, guid: be47ac35f899a42c2b88ba88da941498, type: 3}
      propertyPath: m_LocalPosition.z
      value: 0
      objectReference: {fileID: 0}
    - target: {fileID: 1232642526394195319, guid: be47ac35f899a42c2b88ba88da941498, type: 3}
      propertyPath: m_LocalRotation.w
      value: 1
      objectReference: {fileID: 0}
    - target: {fileID: 1232642526394195319, guid: be47ac35f899a42c2b88ba88da941498, type: 3}
      propertyPath: m_LocalRotation.x
      value: 0
      objectReference: {fileID: 0}
    - target: {fileID: 1232642526394195319, guid: be47ac35f899a42c2b88ba88da941498, type: 3}
      propertyPath: m_LocalRotation.y
      value: 0
      objectReference: {fileID: 0}
    - target: {fileID: 1232642526394195319, guid: be47ac35f899a42c2b88ba88da941498, type: 3}
      propertyPath: m_LocalRotation.z
      value: 0
      objectReference: {fileID: 0}
    - target: {fileID: 1232642526394195319, guid: be47ac35f899a42c2b88ba88da941498, type: 3}
      propertyPath: m_LocalEulerAnglesHint.x
      value: 0
      objectReference: {fileID: 0}
    - target: {fileID: 1232642526394195319, guid: be47ac35f899a42c2b88ba88da941498, type: 3}
      propertyPath: m_LocalEulerAnglesHint.y
      value: 0
      objectReference: {fileID: 0}
    - target: {fileID: 1232642526394195319, guid: be47ac35f899a42c2b88ba88da941498, type: 3}
      propertyPath: m_LocalEulerAnglesHint.z
      value: 0
      objectReference: {fileID: 0}
    m_RemovedComponents: []
  m_SourcePrefab: {fileID: 100100000, guid: be47ac35f899a42c2b88ba88da941498, type: 3}
--- !u!1 &1935243836
GameObject:
  m_ObjectHideFlags: 0
  m_CorrespondingSourceObject: {fileID: 0}
  m_PrefabInstance: {fileID: 0}
  m_PrefabAsset: {fileID: 0}
  serializedVersion: 6
  m_Component:
  - component: {fileID: 1935243837}
  - component: {fileID: 1935243840}
  - component: {fileID: 1935243839}
  - component: {fileID: 1935243838}
  m_Layer: 0
  m_Name: LowerLayer
  m_TagString: Untagged
  m_Icon: {fileID: 0}
  m_NavMeshLayer: 0
  m_StaticEditorFlags: 0
  m_IsActive: 1
--- !u!4 &1935243837
Transform:
  m_ObjectHideFlags: 0
  m_CorrespondingSourceObject: {fileID: 0}
  m_PrefabInstance: {fileID: 0}
  m_PrefabAsset: {fileID: 0}
  m_GameObject: {fileID: 1935243836}
  m_LocalRotation: {x: 0, y: 0, z: 0, w: 1}
  m_LocalPosition: {x: 53.1519, y: -16.0461, z: 0.2171}
  m_LocalScale: {x: 145.30724, y: -27.0922, z: 1.5658}
  m_Children: []
  m_Father: {fileID: 1963787968}
  m_RootOrder: 1
  m_LocalEulerAnglesHint: {x: 0, y: 0, z: 0}
--- !u!65 &1935243838
BoxCollider:
  m_ObjectHideFlags: 0
  m_CorrespondingSourceObject: {fileID: 0}
  m_PrefabInstance: {fileID: 0}
  m_PrefabAsset: {fileID: 0}
  m_GameObject: {fileID: 1935243836}
  m_Material: {fileID: 0}
  m_IsTrigger: 0
  m_Enabled: 1
  serializedVersion: 2
  m_Size: {x: 1, y: 1, z: 1}
  m_Center: {x: 0, y: 0, z: 0}
--- !u!23 &1935243839
MeshRenderer:
  m_ObjectHideFlags: 0
  m_CorrespondingSourceObject: {fileID: 0}
  m_PrefabInstance: {fileID: 0}
  m_PrefabAsset: {fileID: 0}
  m_GameObject: {fileID: 1935243836}
  m_Enabled: 1
  m_CastShadows: 1
  m_ReceiveShadows: 1
  m_DynamicOccludee: 1
  m_MotionVectors: 1
  m_LightProbeUsage: 1
  m_ReflectionProbeUsage: 1
  m_RayTracingMode: 2
  m_RayTraceProcedural: 0
  m_RenderingLayerMask: 1
  m_RendererPriority: 0
  m_Materials:
  - {fileID: 2100000, guid: 5c13ff935b260447a861acd7df56ba6c, type: 2}
  m_StaticBatchInfo:
    firstSubMesh: 0
    subMeshCount: 0
  m_StaticBatchRoot: {fileID: 0}
  m_ProbeAnchor: {fileID: 0}
  m_LightProbeVolumeOverride: {fileID: 0}
  m_ScaleInLightmap: 1
  m_ReceiveGI: 1
  m_PreserveUVs: 0
  m_IgnoreNormalsForChartDetection: 0
  m_ImportantGI: 0
  m_StitchLightmapSeams: 1
  m_SelectedEditorRenderState: 3
  m_MinimumChartSize: 4
  m_AutoUVMaxDistance: 0.5
  m_AutoUVMaxAngle: 89
  m_LightmapParameters: {fileID: 0}
  m_SortingLayerID: 0
  m_SortingLayer: 0
  m_SortingOrder: 0
  m_AdditionalVertexStreams: {fileID: 0}
--- !u!33 &1935243840
MeshFilter:
  m_ObjectHideFlags: 0
  m_CorrespondingSourceObject: {fileID: 0}
  m_PrefabInstance: {fileID: 0}
  m_PrefabAsset: {fileID: 0}
  m_GameObject: {fileID: 1935243836}
  m_Mesh: {fileID: 10202, guid: 0000000000000000e000000000000000, type: 0}
--- !u!1001 &1956210951
PrefabInstance:
  m_ObjectHideFlags: 0
  serializedVersion: 2
  m_Modification:
    m_TransformParent: {fileID: 0}
    m_Modifications:
    - target: {fileID: 775162019246811957, guid: dbffc2523aad36643813fd396ace02ba, type: 3}
      propertyPath: m_Name
      value: Coin (2)
      objectReference: {fileID: 0}
    - target: {fileID: 3076242666935824454, guid: dbffc2523aad36643813fd396ace02ba, type: 3}
      propertyPath: m_IsTrigger
      value: 1
      objectReference: {fileID: 0}
    - target: {fileID: 7827048584077212781, guid: dbffc2523aad36643813fd396ace02ba, type: 3}
      propertyPath: m_RootOrder
      value: 7
      objectReference: {fileID: 0}
    - target: {fileID: 7827048584077212781, guid: dbffc2523aad36643813fd396ace02ba, type: 3}
      propertyPath: m_LocalPosition.x
      value: 15.45
      objectReference: {fileID: 0}
    - target: {fileID: 7827048584077212781, guid: dbffc2523aad36643813fd396ace02ba, type: 3}
      propertyPath: m_LocalPosition.y
      value: 7.69
      objectReference: {fileID: 0}
    - target: {fileID: 7827048584077212781, guid: dbffc2523aad36643813fd396ace02ba, type: 3}
      propertyPath: m_LocalPosition.z
      value: 0
      objectReference: {fileID: 0}
    - target: {fileID: 7827048584077212781, guid: dbffc2523aad36643813fd396ace02ba, type: 3}
      propertyPath: m_LocalRotation.w
      value: 1
      objectReference: {fileID: 0}
    - target: {fileID: 7827048584077212781, guid: dbffc2523aad36643813fd396ace02ba, type: 3}
      propertyPath: m_LocalRotation.x
      value: 0
      objectReference: {fileID: 0}
    - target: {fileID: 7827048584077212781, guid: dbffc2523aad36643813fd396ace02ba, type: 3}
      propertyPath: m_LocalRotation.y
      value: 0
      objectReference: {fileID: 0}
    - target: {fileID: 7827048584077212781, guid: dbffc2523aad36643813fd396ace02ba, type: 3}
      propertyPath: m_LocalRotation.z
      value: 0
      objectReference: {fileID: 0}
    - target: {fileID: 7827048584077212781, guid: dbffc2523aad36643813fd396ace02ba, type: 3}
      propertyPath: m_LocalEulerAnglesHint.x
      value: 0
      objectReference: {fileID: 0}
    - target: {fileID: 7827048584077212781, guid: dbffc2523aad36643813fd396ace02ba, type: 3}
      propertyPath: m_LocalEulerAnglesHint.y
      value: 0
      objectReference: {fileID: 0}
    - target: {fileID: 7827048584077212781, guid: dbffc2523aad36643813fd396ace02ba, type: 3}
      propertyPath: m_LocalEulerAnglesHint.z
      value: 0
      objectReference: {fileID: 0}
    m_RemovedComponents: []
  m_SourcePrefab: {fileID: 100100000, guid: dbffc2523aad36643813fd396ace02ba, type: 3}
--- !u!1 &1963787967
GameObject:
  m_ObjectHideFlags: 0
  m_CorrespondingSourceObject: {fileID: 0}
  m_PrefabInstance: {fileID: 0}
  m_PrefabAsset: {fileID: 0}
  serializedVersion: 6
  m_Component:
  - component: {fileID: 1963787968}
  m_Layer: 0
  m_Name: Ground
  m_TagString: Untagged
  m_Icon: {fileID: 0}
  m_NavMeshLayer: 0
  m_StaticEditorFlags: 0
  m_IsActive: 1
--- !u!4 &1963787968
Transform:
  m_ObjectHideFlags: 0
  m_CorrespondingSourceObject: {fileID: 0}
  m_PrefabInstance: {fileID: 0}
  m_PrefabAsset: {fileID: 0}
  m_GameObject: {fileID: 1963787967}
  m_LocalRotation: {x: 0, y: 0, z: 0, w: 1}
  m_LocalPosition: {x: 0, y: 0, z: 0}
  m_LocalScale: {x: 1, y: 1, z: 1}
  m_Children:
  - {fileID: 742986482}
  - {fileID: 1935243837}
  m_Father: {fileID: 1072210415}
  m_RootOrder: 3
  m_LocalEulerAnglesHint: {x: 0, y: 0, z: 0}
--- !u!4 &1968698144 stripped
Transform:
  m_CorrespondingSourceObject: {fileID: 747049159031288287, guid: 29bbcad1aec454191b36de1f52bd2a67, type: 3}
  m_PrefabInstance: {fileID: 808777001}
  m_PrefabAsset: {fileID: 0}
--- !u!1 &2038389793
GameObject:
  m_ObjectHideFlags: 0
  m_CorrespondingSourceObject: {fileID: 0}
  m_PrefabInstance: {fileID: 0}
  m_PrefabAsset: {fileID: 0}
  serializedVersion: 6
  m_Component:
  - component: {fileID: 2038389794}
  - component: {fileID: 2038389797}
  - component: {fileID: 2038389796}
  - component: {fileID: 2038389795}
  m_Layer: 0
  m_Name: Counter (1)
  m_TagString: Untagged
  m_Icon: {fileID: 0}
  m_NavMeshLayer: 0
  m_StaticEditorFlags: 0
  m_IsActive: 1
--- !u!224 &2038389794
RectTransform:
  m_ObjectHideFlags: 0
  m_CorrespondingSourceObject: {fileID: 0}
  m_PrefabInstance: {fileID: 0}
  m_PrefabAsset: {fileID: 0}
  m_GameObject: {fileID: 2038389793}
  m_LocalRotation: {x: 0, y: 0, z: 0, w: 1}
  m_LocalPosition: {x: 0, y: 0, z: 0}
  m_LocalScale: {x: 1, y: 1, z: 1}
  m_Children: []
  m_Father: {fileID: 1736597534}
  m_RootOrder: 6
  m_LocalEulerAnglesHint: {x: 0, y: 0, z: 0}
  m_AnchorMin: {x: 0, y: 1}
  m_AnchorMax: {x: 0, y: 1}
  m_AnchoredPosition: {x: 963, y: -103.91}
  m_SizeDelta: {x: 421.3157, y: 187.8296}
  m_Pivot: {x: 0.5, y: 0.5}
--- !u!114 &2038389795
MonoBehaviour:
  m_ObjectHideFlags: 0
  m_CorrespondingSourceObject: {fileID: 0}
  m_PrefabInstance: {fileID: 0}
  m_PrefabAsset: {fileID: 0}
  m_GameObject: {fileID: 2038389793}
  m_Enabled: 1
  m_EditorHideFlags: 0
  m_Script: {fileID: 11500000, guid: 2c91d69d0d06165418afa6dc4ece4cf8, type: 3}
  m_Name: 
  m_EditorClassIdentifier: 
  timeStart: 60
  timerText: {fileID: 2038389796}
--- !u!114 &2038389796
MonoBehaviour:
  m_ObjectHideFlags: 0
  m_CorrespondingSourceObject: {fileID: 0}
  m_PrefabInstance: {fileID: 0}
  m_PrefabAsset: {fileID: 0}
  m_GameObject: {fileID: 2038389793}
  m_Enabled: 1
  m_EditorHideFlags: 0
  m_Script: {fileID: 11500000, guid: 5f7201a12d95ffc409449d95f23cf332, type: 3}
  m_Name: 
  m_EditorClassIdentifier: 
  m_Material: {fileID: 0}
  m_Color: {r: 0.7921569, g: 0.26666674, b: 0.3205455, a: 1}
  m_RaycastTarget: 1
  m_RaycastPadding: {x: 0, y: 0, z: 0, w: 0}
  m_Maskable: 1
  m_OnCullStateChanged:
    m_PersistentCalls:
      m_Calls: []
  m_FontData:
    m_Font: {fileID: 10102, guid: 0000000000000000e000000000000000, type: 0}
    m_FontSize: 60
    m_FontStyle: 0
    m_BestFit: 0
    m_MinSize: 2
    m_MaxSize: 72
    m_Alignment: 1
    m_AlignByGeometry: 0
    m_RichText: 1
    m_HorizontalOverflow: 0
    m_VerticalOverflow: 0
    m_LineSpacing: 1
  m_Text: 000
--- !u!222 &2038389797
CanvasRenderer:
  m_ObjectHideFlags: 0
  m_CorrespondingSourceObject: {fileID: 0}
  m_PrefabInstance: {fileID: 0}
  m_PrefabAsset: {fileID: 0}
  m_GameObject: {fileID: 2038389793}
  m_CullTransparentMesh: 1
--- !u!4 &2056155367 stripped
Transform:
  m_CorrespondingSourceObject: {fileID: 2657054658921412419, guid: cfd908e32342401499650082b2b63172, type: 3}
  m_PrefabInstance: {fileID: 7693575696444267647}
  m_PrefabAsset: {fileID: 0}
--- !u!1001 &3041211120731139079
PrefabInstance:
  m_ObjectHideFlags: 0
  serializedVersion: 2
  m_Modification:
    m_TransformParent: {fileID: 742986482}
    m_Modifications:
    - target: {fileID: 870559159872904601, guid: 6b3b42e6294315c49b99466123f1019e, type: 3}
      propertyPath: m_Name
      value: SpringTrap
      objectReference: {fileID: 0}
    - target: {fileID: 4305940346917523529, guid: 6b3b42e6294315c49b99466123f1019e, type: 3}
      propertyPath: m_RootOrder
      value: 5
      objectReference: {fileID: 0}
    - target: {fileID: 4305940346917523529, guid: 6b3b42e6294315c49b99466123f1019e, type: 3}
      propertyPath: m_LocalScale.z
      value: 0.5
      objectReference: {fileID: 0}
    - target: {fileID: 4305940346917523529, guid: 6b3b42e6294315c49b99466123f1019e, type: 3}
      propertyPath: m_LocalPosition.x
      value: -3.04
      objectReference: {fileID: 0}
    - target: {fileID: 4305940346917523529, guid: 6b3b42e6294315c49b99466123f1019e, type: 3}
      propertyPath: m_LocalPosition.y
      value: -0.94
      objectReference: {fileID: 0}
    - target: {fileID: 4305940346917523529, guid: 6b3b42e6294315c49b99466123f1019e, type: 3}
      propertyPath: m_LocalPosition.z
      value: 0
      objectReference: {fileID: 0}
    - target: {fileID: 4305940346917523529, guid: 6b3b42e6294315c49b99466123f1019e, type: 3}
      propertyPath: m_LocalRotation.w
      value: 1
      objectReference: {fileID: 0}
    - target: {fileID: 4305940346917523529, guid: 6b3b42e6294315c49b99466123f1019e, type: 3}
      propertyPath: m_LocalRotation.x
      value: -0
      objectReference: {fileID: 0}
    - target: {fileID: 4305940346917523529, guid: 6b3b42e6294315c49b99466123f1019e, type: 3}
      propertyPath: m_LocalRotation.y
      value: -0
      objectReference: {fileID: 0}
    - target: {fileID: 4305940346917523529, guid: 6b3b42e6294315c49b99466123f1019e, type: 3}
      propertyPath: m_LocalRotation.z
      value: -0
      objectReference: {fileID: 0}
    - target: {fileID: 4305940346917523529, guid: 6b3b42e6294315c49b99466123f1019e, type: 3}
      propertyPath: m_LocalEulerAnglesHint.x
      value: 0
      objectReference: {fileID: 0}
    - target: {fileID: 4305940346917523529, guid: 6b3b42e6294315c49b99466123f1019e, type: 3}
      propertyPath: m_LocalEulerAnglesHint.y
      value: 0
      objectReference: {fileID: 0}
    - target: {fileID: 4305940346917523529, guid: 6b3b42e6294315c49b99466123f1019e, type: 3}
      propertyPath: m_LocalEulerAnglesHint.z
      value: 0
      objectReference: {fileID: 0}
    - target: {fileID: 5205035930461520761, guid: 6b3b42e6294315c49b99466123f1019e, type: 3}
      propertyPath: m_IsTrigger
      value: 0
      objectReference: {fileID: 0}
    m_RemovedComponents: []
  m_SourcePrefab: {fileID: 100100000, guid: 6b3b42e6294315c49b99466123f1019e, type: 3}
--- !u!1001 &3076242667451216014
PrefabInstance:
  m_ObjectHideFlags: 0
  serializedVersion: 2
  m_Modification:
    m_TransformParent: {fileID: 0}
    m_Modifications:
    - target: {fileID: 775162019246811957, guid: dbffc2523aad36643813fd396ace02ba, type: 3}
      propertyPath: m_Name
      value: Coin
      objectReference: {fileID: 0}
    - target: {fileID: 3076242666935824454, guid: dbffc2523aad36643813fd396ace02ba, type: 3}
      propertyPath: m_IsTrigger
      value: 1
      objectReference: {fileID: 0}
    - target: {fileID: 7827048584077212781, guid: dbffc2523aad36643813fd396ace02ba, type: 3}
      propertyPath: m_RootOrder
      value: 6
      objectReference: {fileID: 0}
    - target: {fileID: 7827048584077212781, guid: dbffc2523aad36643813fd396ace02ba, type: 3}
      propertyPath: m_LocalPosition.x
      value: -7.5922174
      objectReference: {fileID: 0}
    - target: {fileID: 7827048584077212781, guid: dbffc2523aad36643813fd396ace02ba, type: 3}
      propertyPath: m_LocalPosition.y
      value: 1.4301591
      objectReference: {fileID: 0}
    - target: {fileID: 7827048584077212781, guid: dbffc2523aad36643813fd396ace02ba, type: 3}
      propertyPath: m_LocalPosition.z
      value: 0
      objectReference: {fileID: 0}
    - target: {fileID: 7827048584077212781, guid: dbffc2523aad36643813fd396ace02ba, type: 3}
      propertyPath: m_LocalRotation.w
      value: 1
      objectReference: {fileID: 0}
    - target: {fileID: 7827048584077212781, guid: dbffc2523aad36643813fd396ace02ba, type: 3}
      propertyPath: m_LocalRotation.x
      value: 0
      objectReference: {fileID: 0}
    - target: {fileID: 7827048584077212781, guid: dbffc2523aad36643813fd396ace02ba, type: 3}
      propertyPath: m_LocalRotation.y
      value: 0
      objectReference: {fileID: 0}
    - target: {fileID: 7827048584077212781, guid: dbffc2523aad36643813fd396ace02ba, type: 3}
      propertyPath: m_LocalRotation.z
      value: 0
      objectReference: {fileID: 0}
    - target: {fileID: 7827048584077212781, guid: dbffc2523aad36643813fd396ace02ba, type: 3}
      propertyPath: m_LocalEulerAnglesHint.x
      value: 0
      objectReference: {fileID: 0}
    - target: {fileID: 7827048584077212781, guid: dbffc2523aad36643813fd396ace02ba, type: 3}
      propertyPath: m_LocalEulerAnglesHint.y
      value: 0
      objectReference: {fileID: 0}
    - target: {fileID: 7827048584077212781, guid: dbffc2523aad36643813fd396ace02ba, type: 3}
      propertyPath: m_LocalEulerAnglesHint.z
      value: 0
      objectReference: {fileID: 0}
    m_RemovedComponents: []
  m_SourcePrefab: {fileID: 100100000, guid: dbffc2523aad36643813fd396ace02ba, type: 3}
--- !u!1001 &7693575696444267647
PrefabInstance:
  m_ObjectHideFlags: 0
  serializedVersion: 2
  m_Modification:
    m_TransformParent: {fileID: 1072210415}
    m_Modifications:
    - target: {fileID: 2657054658921412419, guid: cfd908e32342401499650082b2b63172, type: 3}
      propertyPath: m_RootOrder
      value: 2
      objectReference: {fileID: 0}
    - target: {fileID: 2657054658921412419, guid: cfd908e32342401499650082b2b63172, type: 3}
      propertyPath: m_LocalScale.x
      value: 42.8
      objectReference: {fileID: 0}
    - target: {fileID: 2657054658921412419, guid: cfd908e32342401499650082b2b63172, type: 3}
      propertyPath: m_LocalPosition.x
      value: 17.3
      objectReference: {fileID: 0}
    - target: {fileID: 2657054658921412419, guid: cfd908e32342401499650082b2b63172, type: 3}
      propertyPath: m_LocalPosition.y
      value: -1.31
      objectReference: {fileID: 0}
    - target: {fileID: 2657054658921412419, guid: cfd908e32342401499650082b2b63172, type: 3}
      propertyPath: m_LocalPosition.z
      value: 0
      objectReference: {fileID: 0}
    - target: {fileID: 2657054658921412419, guid: cfd908e32342401499650082b2b63172, type: 3}
      propertyPath: m_LocalRotation.w
      value: 1
      objectReference: {fileID: 0}
    - target: {fileID: 2657054658921412419, guid: cfd908e32342401499650082b2b63172, type: 3}
      propertyPath: m_LocalRotation.x
      value: -0
      objectReference: {fileID: 0}
    - target: {fileID: 2657054658921412419, guid: cfd908e32342401499650082b2b63172, type: 3}
      propertyPath: m_LocalRotation.y
      value: -0
      objectReference: {fileID: 0}
    - target: {fileID: 2657054658921412419, guid: cfd908e32342401499650082b2b63172, type: 3}
      propertyPath: m_LocalRotation.z
      value: -0
      objectReference: {fileID: 0}
    - target: {fileID: 2657054658921412419, guid: cfd908e32342401499650082b2b63172, type: 3}
      propertyPath: m_LocalEulerAnglesHint.x
      value: 0
      objectReference: {fileID: 0}
    - target: {fileID: 2657054658921412419, guid: cfd908e32342401499650082b2b63172, type: 3}
      propertyPath: m_LocalEulerAnglesHint.y
      value: 0
      objectReference: {fileID: 0}
    - target: {fileID: 2657054658921412419, guid: cfd908e32342401499650082b2b63172, type: 3}
      propertyPath: m_LocalEulerAnglesHint.z
      value: 0
      objectReference: {fileID: 0}
    - target: {fileID: 5453210994157022929, guid: cfd908e32342401499650082b2b63172, type: 3}
      propertyPath: m_Name
      value: Spike
      objectReference: {fileID: 0}
    m_RemovedComponents: []
  m_SourcePrefab: {fileID: 100100000, guid: cfd908e32342401499650082b2b63172, type: 3}
